%% This BibTeX bibliography file was created using BibDesk.
%% http://bibdesk.sourceforge.net/

%% Created for Daniel Buonaiuto at 2018-08-13 14:13:20 -0400 


%% Saved with string encoding Unicode (UTF-8) 



@article{Nunez_2013,
	Abstract = {{As the climate changes, human land use may impede species from tracking
   areas with suitable climates. Maintaining connectivity between areas of
   different temperatures could allow organisms to move along temperature
   gradients and allow species to continue to occupy the same temperature
   space as the climate warms. We used a coarse-filter approach to identify
   broad corridors for movement between areas where human influence is low
   while simultaneously routing the corridors along present-day spatial
   gradients of temperature. We modified a costdistance algorithm to model
   these corridors and tested the model with data on current land-use and
   climate patterns in the Pacific Northwest of the United States. The
   resulting maps identified a network of patches and corridors across
   which species may move as climates change. The corridors are likely to
   be robust to uncertainty in the magnitude and direction of future
   climate change because they are derived from gradients and land-use
   patterns. The assumptions we applied in our model simplified the
   stability of temperature gradients and species responses to climate
   change and land use, but the model is flexible enough to be tailored to
   specific regions by incorporating other climate variables or movement
   costs. When used at appropriate resolutions, our approach may be of
   value to local, regional, and continental conservation initiatives
   seeking to promote species movements in a changing climate.}},
	Address = {{111 RIVER ST, HOBOKEN 07030-5774, NJ USA}},
	Affiliation = {{Nunez, TA (Reprint Author), Univ Washington, Sch Environm \& Forest Sci, Seattle, WA 98115 USA. Nunez, Tristan A.; Lawler, Joshua J.; Singleton, Peter H., Univ Washington, Sch Environm \& Forest Sci, Seattle, WA 98115 USA. Nunez, Tristan A., Univ Calif Berkeley, Dept Environm Sci Management \& Policy, Berkeley, CA 94720 USA. Mcrae, Brad H.; Kavanagh, Darren M., Nature Conservancy, Seattle, WA 98101 USA. Pierce, D. John, Washington Dept Fish \& Wildlife, Olympia, WA 98501 USA. Krosby, Meade B.; Tewksbury, Joshua J., Univ Washington, Dept Biol, Seattle, WA 98115 USA. Singleton, Peter H., US Forest Serv, USDA, Pacific NW Res Stn, Wenatchee, WA 98801 USA.}},
	Author = {Nunez, Tristan A. and Lawler, Joshua J. and Mcrae, Brad H. and Pierce, D. John and Krosby, Meade B. and Kavanagh, Darren M. and Singleton, Peter H. and Tewksbury, Joshua J.},
	Author-Email = {{tristan.nunez@gmail.com}},
	Da = {{2018-08-13}},
	Date-Added = {2018-08-13 14:13:10 -0400},
	Date-Modified = {2018-08-13 14:13:17 -0400},
	Doc-Delivery-Number = {{113UN}},
	Doi = {{10.1111/cobi.12014}},
	Funding-Acknowledgement = {{Wilburforce Foundation; Department of the Interior Great Northern and North Pacific Landscape Conservation Cooperatives; School of Environment and Forest Sciences at the University of Washington; ARCS Foundation; National Science Foundation Graduate Research Fellowship Program {[}11582]; Wildlife Conservation Society through its Wildlife Action Opportunities Fund}},
	Funding-Text = {{We thank E. Fleishman, E. Main, and 4 anonymous reviewers for their constructive comments, and L. Dermer, C. Austin, and C. Hojnowski for commenting on earlier drafts. We thank the Washington Wildlife Habitat Connectivity Working Group for data and input. Funding was provided by the Wilburforce Foundation, the Department of the Interior Great Northern and North Pacific Landscape Conservation Cooperatives, the School of Environment and Forest Sciences at the University of Washington, the ARCS Foundation, and the National Science Foundation Graduate Research Fellowship Program (grant 11582). Support also came from the Wildlife Conservation Society through its Wildlife Action Opportunities Fund, made possible by the Doris Duke Charitable Foundation.}},
	Issn = {{0888-8892}},
	Journal = {{CONSERVATION BIOLOGY}},
	Journal-Iso = {{Conserv. Biol.}},
	Keywords = {{adaptation; climate gradients; coarse-filter approach; conservation planning; corridors; reserve design}},
	Keywords-Plus = {{DISPERSAL CORRIDORS; CAPE PROTEACEAE; CHANGE IMPACTS; BIODIVERSITY; LANDSCAPES; MANAGEMENT}},
	Language = {{English}},
	Month = {{APR}},
	Number = {{2}},
	Number-Of-Cited-References = {{45}},
	Orcid-Numbers = {{Tewksbury, Joshua/0000-0002-9786-1477 Krosby, Meade/0000-0001-6235-7839}},
	Pages = {{407-416}},
	Publisher = {{WILEY-BLACKWELL}},
	Research-Areas = {{Biodiversity \& Conservation; Environmental Sciences \& Ecology}},
	Times-Cited = {{58}},
	Title = {{Connectivity Planning to Address Climate Change}},
	Type = {{Article}},
	Unique-Id = {{ISI:000316694600019}},
	Usage-Count-Last-180-Days = {{3}},
	Usage-Count-Since-2013 = {{146}},
	Volume = {{27}},
	Web-Of-Science-Categories = {{Biodiversity Conservation; Ecology; Environmental Sciences}},
	Year = {{2013}},
	Bdsk-Url-1 = {https://doi.org/10.1111/cobi.12014%7D}}

@article{Willis_2009,
	Abstract = {{Recent climatic change in temperate regions has been rapid and there is
   mounting speculation that species are failing to keep track of suitable
   climate, perhaps necessitating assisted colonization for some species.
   An inability to spread into new areas may result in large reductions in
   species' ranges in the future, and threaten the survival of some
   species. Here we use ``species-climate{''} models to predict suitable
   sites for introductions beyond current range margins, using two U. K.
   butterfly species. We introduced Melanargia galathea (marbled white) and
   Thymelicus sylvestris (small skipper) into two sites in northern
   England, similar to 65 and similar to 35 km beyond their then-range
   margins, respectively, to sites that were predicted to be climatically
   suitable and that appeared to contain suitable habitat for the species.
   Both introduced populations grew and expanded their range over 6 years
   (2001-2006; still thriving in 2008), suggesting the existence of a
   colonization lag and providing evidence that well-planned assisted
   colonization can be successful. We suggest that assisted colonization
   may be a feasible and cost-effective means of enabling certain species
   to track climatic change.}},
	Address = {{COMMERCE PLACE, 350 MAIN ST, MALDEN 02148, MA USA}},
	Affiliation = {{Willis, SG (Reprint Author), Univ Durham, Sch Biol \& Biomed Sci, Inst Ecosyst Sci, South Rd, Durham DH1 3LE, England. Willis, Stephen G.; Huntley, Brian, Univ Durham, Sch Biol \& Biomed Sci, Inst Ecosyst Sci, Durham DH1 3LE, England. Hill, Jane K.; Thomas, Chris D., Univ York, Dept Biol, York YO10 5YW, N Yorkshire, England. Roy, David B., NERC Ctr Ecol \& Hydrol, Wallingford OX10 8BB, Oxon, England. Fox, Richard, Butterfly Conservat, Wareham BH20 5QP, Dorset, England. Blakeley, David S., Univ Leeds, Sch Biol, Ctr Biodivers \& Conservat, Leeds LS2 9JT, W Yorkshire, England.}},
	Author = {Willis, Stephen G. and Hill, Jane K. and Thomas, Chris D. and Roy, David B. and Fox, Richard and Blakeley, David S. and Huntley, Brian},
	Author-Email = {{s.g.willis@durham.ac.uk}},
	Da = {{2018-08-13}},
	Date-Added = {2018-08-13 14:11:47 -0400},
	Date-Modified = {2018-08-13 14:11:53 -0400},
	Doc-Delivery-Number = {{616QG}},
	Doi = {{10.1111/j.1755-263X.2008.00043.x}},
	Funding-Acknowledgement = {{Natural Environment Research Council {[}NERC:GR9/03016]; BES; Natural Environment Research Council {[}CEH010021]}},
	Funding-Text = {{We thank all the many recorders who have contributed to the distribution and monitoring data used in this article. We also thank Natural England, Butterfly Conservation and Durham County Council for advice and assistance with the introductions. This study was funded by Natural Environment Research Council grant NERC:GR9/03016. Field work has been funded in part by a BES small projects grant to SGW and a BES undergraduate research grant. We are grateful to Erin Dilger, Dave Thomas, Sian Rowland, Dominic Rowney, and a number of undergraduate students at Durham who have assisted in monitoring the introduced populations.}},
	Issn = {{1755-263X}},
	Journal = {{CONSERVATION LETTERS}},
	Journal-Iso = {{Conserv. Lett.}},
	Keywords = {{Climate change; distributions; introductions; range margin; range shift; assisted colonization}},
	Keywords-Plus = {{RANGE EXPANSION; IMPACTS; SHIFTS; MIGRATION; DEBATE; SIZE; FACE}},
	Language = {{English}},
	Month = {{FEB}},
	Number = {{1}},
	Number-Of-Cited-References = {{31}},
	Oa = {{gold\_or\_bronze}},
	Orcid-Numbers = {{Thomas, Chris/0000-0003-2822-1334 Roy, David/0000-0002-5147-0331 Thomas, Chris/0000-0003-2822-1334}},
	Pages = {{45-51}},
	Publisher = {{WILEY-BLACKWELL PUBLISHING, INC}},
	Research-Areas = {{Biodiversity \& Conservation}},
	Researcherid-Numbers = {{Thomas, Chris/A-1894-2012 Hill, Jane/G-5151-2011 Roy, David/A-6619-2009 Thomas, Chris/A-1460-2014}},
	Times-Cited = {{65}},
	Title = {{Assisted colonization in a changing climate: a test-study using two UK butterflies}},
	Type = {{Article}},
	Unique-Id = {{ISI:000279223300006}},
	Usage-Count-Last-180-Days = {{7}},
	Usage-Count-Since-2013 = {{113}},
	Volume = {{2}},
	Web-Of-Science-Categories = {{Biodiversity Conservation}},
	Year = {{2009}},
	Bdsk-Url-1 = {https://doi.org/10.1111/j.1755-263X.2008.00043.x%7D}}

@article{Colwell_2008,
	Abstract = {{Many studies suggest that global warming is driving species ranges
   poleward and toward higher elevations at temperate latitudes, but
   evidence for range shifts is scarce for the tropics, where the shallow
   latitudinal temperature gradient makes upslope shifts more likely than
   poleward shifts. Based on new data for plants and insects on an
   elevational transect in Costa Rica, we assess the potential for lowland
   biotic attrition, range-shift gaps, and mountaintop extinctions under
   projected warming. We conclude that tropical lowland biotas may face a
   level of net lowland biotic attrition without parallel at higher
   latitudes (where range shifts may be compensated for by species from
   lower latitudes) and that a high proportion of tropical species soon
   faces gaps between current and projected elevational ranges.}},
	Address = {{1200 NEW YORK AVE, NW, WASHINGTON, DC 20005 USA}},
	Affiliation = {{Colwell, RK (Reprint Author), Univ Connecticut, Dept Ecol \& Evolutionary Biol, Storrs, CT 06269 USA. Colwell, Robert K., Univ Connecticut, Dept Ecol \& Evolutionary Biol, Storrs, CT 06269 USA. Brehm, Gunnar, Univ Jena, Inst Spezielle Zool, D-07743 Jena, Germany. Brehm, Gunnar, Univ Jena, Evolutionsbiol Phyletischem Museum, D-07743 Jena, Germany. Cardelus, Catherine L., Colgate Univ, Dept Biol, Hamilton, NY 13346 USA. Gilman, Alex C., Univ Calif Los Angeles, Dept Ecol \& Evolutionary Biol, Los Angeles, CA 90950 USA. Longino, John T., Evergreen State Coll, Olympia, WA 98505 USA.}},
	Author = {Colwell, Robert K. and Brehm, Gunnar and Cardelus, Catherine L. and Gilman, Alex C. and Longino, John T.},
	Author-Email = {{colwell@uconn.edu}},
	Da = {{2018-08-13}},
	Date-Added = {2018-08-13 14:06:36 -0400},
	Date-Modified = {2018-08-13 14:06:44 -0400},
	Doc-Delivery-Number = {{358FK}},
	Doi = {{10.1126/science.1162547}},
	Esi-Highly-Cited-Paper = {{Y}},
	Esi-Hot-Paper = {{N}},
	Funding-Acknowledgement = {{Organization for Tropical Studies; Conservation International; University of Connecticut; U.S. NSF {[}DEB-0072702, DEB-0640015, DEB-0639979]; Research Fellowship and Dissertation Improvement Grant; Sigma Phi, Explorer's Club, and Steven Vavra Plant Systematics Fund; Deutsche Forschungsgemeinschaft {[}BR 2280/1-1]}},
	Funding-Text = {{Supported by the Organization for Tropical Studies; the Tropical Ecology Assessment and Monitoring (TEAM) project of Conservation International; University of Connecticut (R.K.C. and C.L.C.); UCLA (A.C.G.); U.S. NSF (DEB-0072702: R.K.C., G.B., and J.T.L.; DEB-0640015: J.T.L.; DEB-0639979: R.K.C.; Research Fellowship and Dissertation Improvement Grant: C.L.C.); Sigma Phi, Explorer's Club, and Steven Vavra Plant Systematics Fund (A.C.G.); and the Deutsche Forschungsgemeinschaft (BR 2280/1-1: G.B.). We thank M. B. Bush, R.L. Chazdon, D.A. Clark, R.R. Dunn, K.M. Kuhn, C. Rahbek, T.F.L.V.B. Rangel, M. R. Silman, and our peer reviewers for comments.}},
	Issn = {{0036-8075}},
	Journal = {{SCIENCE}},
	Journal-Iso = {{Science}},
	Keywords-Plus = {{RECENT CLIMATE-CHANGE; SPECIES RICHNESS; FOREST; RESPONSES; BIODIVERSITY; PATTERNS; GRADIENT; IMPACTS; GROWTH}},
	Language = {{English}},
	Month = {{OCT 10}},
	Number = {{5899}},
	Number-Of-Cited-References = {{32}},
	Pages = {{258-261}},
	Publisher = {{AMER ASSOC ADVANCEMENT SCIENCE}},
	Research-Areas = {{Science \& Technology - Other Topics}},
	Researcherid-Numbers = {{Colwell, Robert/C-7276-2015 Brehm, Gunnar/D-5831-2013}},
	Times-Cited = {{511}},
	Title = {{Global warming, elevational range shifts, and lowland biotic attrition in the wet tropics}},
	Type = {{Article}},
	Unique-Id = {{ISI:000259902300048}},
	Usage-Count-Last-180-Days = {{19}},
	Usage-Count-Since-2013 = {{335}},
	Volume = {{322}},
	Web-Of-Science-Categories = {{Multidisciplinary Sciences}},
	Year = {{2008}},
	Bdsk-Url-1 = {https://doi.org/10.1126/science.1162547%7D}}

@article{Crowley_1988,
	Address = {{1200 NEW YORK AVE, NW, WASHINGTON, DC 20005}},
	Affiliation = {{CROWLEY, TJ (Reprint Author), APPL RES CORP,ARC TECHNOL,305 ARGUELLO DR,COLLEGE STN,TX 77840, USA. TEXAS A\&M UNIV,DEPT METEOROL,CLIMATE SYST RES PROGRAM,COLLEGE STN,TX 77843.}},
	Author = {Crowley, TJ and North, GR},
	Da = {{2018-08-13}},
	Date-Added = {2018-08-13 14:00:03 -0400},
	Date-Modified = {2018-08-13 14:00:20 -0400},
	Doc-Delivery-Number = {{N4529}},
	Doi = {{10.1126/science.240.4855.996}},
	Issn = {{0036-8075}},
	Journal = {{SCIENCE}},
	Journal-Iso = {{Science}},
	Language = {{English}},
	Month = {{MAY 20}},
	Number = {{4855}},
	Number-Of-Cited-References = {{161}},
	Pages = {{996-1002}},
	Publisher = {{AMER ASSOC ADVANCEMENT SCIENCE}},
	Research-Areas = {{Science \& Technology - Other Topics}},
	Researcherid-Numbers = {{North, Gerald/G-1019-2011}},
	Times-Cited = {{104}},
	Title = {{ABRUPT CLIMATE CHANGE AND EXTINCTION EVENTS IN EARTH HISTORY}},
	Type = {{Article}},
	Unique-Id = {{ISI:A1988N452900022}},
	Usage-Count-Last-180-Days = {{2}},
	Usage-Count-Since-2013 = {{40}},
	Volume = {{240}},
	Web-Of-Science-Categories = {{Multidisciplinary Sciences}},
	Year = {{1988}},
	Bdsk-Url-1 = {https://doi.org/10.1126/science.240.4855.996%7D}}

@article{Harris_2006,
	Abstract = {Abstract There is an increasing consensus that global climate change occurs and that potential changes in climate are likely to have important regional consequences for biota and ecosystems. Ecological restoration, including (re)afforestation and rehabilitation of degraded land, is included in the array of potential human responses to climate change. However, the implications of climate change for the broader practice of ecological restoration must be considered. In particular, the usefulness of historical ecosystem conditions as targets and references must be set against the likelihood that restoring these historic ecosystems is unlikely to be easy, or even possible, in the changed biophysical conditions of the future. We suggest that more consideration and debate needs to be directed at the implications of climate change for restoration practice.},
	Author = {Harris, J. A. and Hobbs, R. J. and Higgs, E. and Aronson, J.},
	Date-Added = {2018-07-24 16:06:20 +0000},
	Date-Modified = {2018-07-31 18:20:36 +0000},
	Doi = {10.1111/j.1526-100X.2006.00136.x},
	Eprint = {https://onlinelibrary.wiley.com/doi/pdf/10.1111/j.1526-100X.2006.00136.x},
	Journal = {Restoration Ecology},
	Keywords = {climate change, ecosystem change, ecosystem function, historical ecosystem, restoration goals},
	Number = {2},
	Pages = {170-176},
	Title = {Ecological Restoration and Global Climate Change},
	Url = {https://onlinelibrary.wiley.com/doi/abs/10.1111/j.1526-100X.2006.00136.x},
	Volume = {14},
	Year = {2006},
	Bdsk-Url-1 = {https://onlinelibrary.wiley.com/doi/abs/10.1111/j.1526-100X.2006.00136.x},
	Bdsk-Url-2 = {https://dx.doi.org/10.1111/j.1526-100X.2006.00136.x}}

@article{Diaz_2008,
	Abstract = {Dead zones in the coastal oceans have spread exponentially since the 1960s and have serious consequences for ecosystem functioning. The formation of dead zones has been exacerbated by the increase in primary production and consequent worldwide coastal eutrophication fueled by riverine runoff of fertilizers and the burning of fossil fuels. Enhanced primary production results in an accumulation of particulate organic matter, which encourages microbial activity and the consumption of dissolved oxygen in bottom waters. Dead zones have now been reported from more than 400 systems, affecting a total area of more than 245,000 square kilometers, and are probably a key stressor on marine ecosystems.},
	Author = {Diaz, Robert J. and Rosenberg, Rutger},
	Date-Added = {2018-07-24 16:05:32 +0000},
	Date-Modified = {2018-07-24 16:05:39 +0000},
	Doi = {10.1126/science.1156401},
	Eprint = {http://science.sciencemag.org/content/321/5891/926.full.pdf},
	Issn = {0036-8075},
	Journal = {Science},
	Number = {5891},
	Pages = {926--929},
	Publisher = {American Association for the Advancement of Science},
	Title = {Spreading Dead Zones and Consequences for Marine Ecosystems},
	Url = {http://science.sciencemag.org/content/321/5891/926},
	Volume = {321},
	Year = {2008},
	Bdsk-Url-1 = {http://science.sciencemag.org/content/321/5891/926},
	Bdsk-Url-2 = {https://dx.doi.org/10.1126/science.1156401}}

@article{Sax_2002,
	Abstract = {Abstract The species richness of ecosystems can remain stable over time, despite changes in species composition and changes in the dominant plant species. While this pattern of stability is known to occur temporally, it has been examined poorly in a spatial context. To examine this spatially, the species richness, diversity and composition of native woodlands (of oak and bay trees) and exotic woodlands (of eucalypt trees) were compared in California. Species richness was nearly identical for understorey plants, leaf-litter invertebrates, amphibians and birds; only rodents had significantly fewer species in eucalypt sites. Species diversity patterns (using the Shannon--Wiener Index) were qualitatively identical to those for species richness, except for leaf-litter invertebrates, which were significantly more diverse in eucalypt sites during the spring. Species composition was different between sites, as evidenced by a principal components analysis, coefficients of similarity, and the relatively few species shared between native and eucalypt sites. Thus, the consistency in richness and diversity observed for most groups, in most seasons, occurred despite significant differences in species composition. These results are consistent with previous demonstrations of temporal stability, suggesting that species richness may often be stable, both temporally and spatially, despite changes in composition and regardless of the dominant vegetation.},
	Author = {Sax, D.F.},
	Date-Added = {2018-07-24 16:04:06 +0000},
	Date-Modified = {2018-08-12 17:00:26 -0500},
	Doi = {10.1046/j.1466-822X.2001.00262.x},
	Eprint = {https://onlinelibrary.wiley.com/doi/pdf/10.1046/j.1466-822X.2001.00262.x},
	Journal = {Global Ecology and Biogeography},
	Keywords = {Amphibians, birds, California, Eucalyptus globulus, invertebrates, mammals, plants, Quercus agrifolia, species richness, stability},
	Number = {1},
	Pages = {49-57},
	Title = {Equal diversity in disparate species assemblages: a comparison of native and exotic woodlands in California},
	Url = {https://onlinelibrary.wiley.com/doi/abs/10.1046/j.1466-822X.2001.00262.x},
	Volume = {11},
	Year = {2002},
	Bdsk-Url-1 = {https://onlinelibrary.wiley.com/doi/abs/10.1046/j.1466-822X.2001.00262.x},
	Bdsk-Url-2 = {https://dx.doi.org/10.1046/j.1466-822X.2001.00262.x}}

@article{Clavel_2011,
	Abstract = {Specialization is a concept based on a broad theoretical framework developed by evolutionary biologists and ecologists. In the past 10 years, numerous studies have reported that -- in many contexts -- generalist species are ``replacing'' specialist species. We review recent research on the concept of the ecological niche and species specialization, and conclude that (1) the observed worldwide decline in specialist species is predicted by niche theory, (2) specialist declines cause ``functional homogenization'' of biodiversity, and (3) such homogenization may be used to measure the impact of disturbance on communities. Homogenization at the community level could alter ecosystem functioning and productivity, as well as result in the deterioration of ecosystem goods and services. We propose community-level specialization as an indicator of the impact of global changes (habitat and climate disturbances) on biodiversity.},
	Author = {Clavel Joanne and Julliard Romain and Devictor Vincent},
	Date-Added = {2018-07-24 16:03:18 +0000},
	Date-Modified = {2018-07-24 16:03:28 +0000},
	Doi = {10.1890/080216},
	Eprint = {https://esajournals.onlinelibrary.wiley.com/doi/pdf/10.1890/080216},
	Journal = {Frontiers in Ecology and the Environment},
	Number = {4},
	Pages = {222-228},
	Title = {Worldwide decline of specialist species: toward a global functional homogenization?},
	Url = {https://esajournals.onlinelibrary.wiley.com/doi/abs/10.1890/080216},
	Volume = {9},
	Year = {2011},
	Bdsk-Url-1 = {https://esajournals.onlinelibrary.wiley.com/doi/abs/10.1890/080216},
	Bdsk-Url-2 = {https://dx.doi.org/10.1890/080216}}

@article{Cleland_2012,
	Abstract = {Earlier spring phenology observed in many plant species in recent decades provides compelling evidence that species are already responding to the rising global temperatures associated with anthropogenic climate change. There is great variability among species, however, in their phenological sensitivity to temperature. Species that do not phenologically ``track'' climate change may be at a disadvantage if their growth becomes limited by missed interactions with mutualists, or a shorter growing season relative to earlier-active competitors. Here, we set out to test the hypothesis that phenological sensitivity could be used to predict species performance in a warming climate, by synthesizing results across terrestrial warming experiments. We assembled data for 57 species across 24 studies where flowering or vegetative phenology was matched with a measure of species performance. Performance metrics included biomass, percent cover, number of flowers, or individual growth. We found that species that advanced their phenology with warming also increased their performance, whereas those that did not advance tended to decline in performance with warming. This indicates that species that cannot phenologically ``track'' climate may be at increased risk with future climate change, and it suggests that phenological monitoring may provide an important tool for setting future conservation priorities.},
	Author = {Cleland, E. E. and Allen, J. M. and Crimmins, T. M. and Dunne, J. A. and Pau, S. and Travers ,S. E. and Zavaleta, E. S. and Wolkovich, E. M.},
	Date-Added = {2018-07-24 15:47:48 +0000},
	Date-Modified = {2018-07-31 18:17:16 +0000},
	Doi = {10.1890/11-1912.1},
	Eprint = {https://esajournals.onlinelibrary.wiley.com/doi/pdf/10.1890/11-1912.1},
	Journal = {Ecology},
	Keywords = {climate change, conservation, meta-analysis, phenology, synthesis, temperature sensitivity, tracking climate, warming experiment},
	Number = {8},
	Pages = {1765-1771},
	Title = {Phenological tracking enables positive species responses to climate change},
	Url = {https://esajournals.onlinelibrary.wiley.com/doi/abs/10.1890/11-1912.1},
	Volume = {93},
	Year = {2012},
	Bdsk-Url-1 = {https://esajournals.onlinelibrary.wiley.com/doi/abs/10.1890/11-1912.1},
	Bdsk-Url-2 = {https://dx.doi.org/10.1890/11-1912.1}}

@article{Poorter_2003,
	Abstract = {Contents Summary 175 I. Introduction 176 II. Materials and Methods 177 III. Factors underlying the growth response 178 IV. Variation in biomass enhancement ratio 181 V. Functional groups of species 184 VI. The response in a more natural environment 188 VII. An outlook 192 VIII. Conclusions 193 Acknowledgements 193 References 193 Appendices196 Summary The effects of increased atmospheric CO2 concentrations on vegetative growth and competitive performance were evaluated, using five meta-analyses. Paying special attention to functional groups, we analysed responses at three integration levels: carbon economy parameters, vegetative biomass of isolated plants, and growth in competition. CO2 effects on seed biomass and plant-to-plant variability were also studied. Underlying the growth stimulation is an increased unit leaf rate (ULR), especially for herbaceous dicots. This is mainly caused by an increase in the whole-plant rate of photosynthesis. The increased ULR is accompanied by a decrease in specific leaf area. The net result of these and other changes is that relative growth rate is only marginally stimulated. The biomass enhancement ratio (BER) of individually grown plants varies substantially across experiments/species, and size variability in the experimental populations is a vital factor in this. Fast-growing herbaceous C3 species respond more strongly than slow-growing C3 herbs or C4 plants. CAM species and woody plants show intermediate responses. When grown in competition, C4 species show lowest responses to elevated CO2 at high nutrient conditions, whereas at low nutrient levels N2-fixing dicots respond relatively strongly. No systematic differences were found between slow- and fast-growing species. BER values obtained for isolated plants cannot be used to estimate BER of the same species grown in interspecific competition -- the CO2 response of monocultures may be a better predictor.},
	Author = {Poorter Hendrik and Navas Marie-Laure},
	Date-Added = {2018-07-24 15:46:25 +0000},
	Date-Modified = {2018-07-24 15:46:55 +0000},
	Doi = {10.1046/j.1469-8137.2003.00680.x},
	Eprint = {https://nph.onlinelibrary.wiley.com/doi/pdf/10.1046/j.1469-8137.2003.00680.x},
	Journal = {New Phytologist},
	Keywords = {elevated CO2, meta-analysis, seed mass, RGR, photosynthesis, growth, functional groups, competition},
	Number = {2},
	Pages = {175-198},
	Title = {Plant growth and competition at elevated CO2: on winners, losers and functional groups},
	Url = {https://nph.onlinelibrary.wiley.com/doi/abs/10.1046/j.1469-8137.2003.00680.x},
	Volume = {157},
	Year = {2003},
	Bdsk-Url-1 = {https://nph.onlinelibrary.wiley.com/doi/abs/10.1046/j.1469-8137.2003.00680.x},
	Bdsk-Url-2 = {https://dx.doi.org/10.1046/j.1469-8137.2003.00680.x}}

@article{Khaliq_2014,
	Abstract = {The relationships among species{\textquoteright} physiological capacities and the geographical variation of ambient climate are of key importance to understanding the distribution of life on the Earth. Furthermore, predictions of how species will respond to climate change will profit from the explicit consideration of their physiological tolerances. The climatic variability hypothesis, which predicts that climatic tolerances are broader in more variable climates, provides an analytical framework for studying these relationships between physiology and biogeography. However, direct empirical support for the hypothesis is mostly lacking for endotherms, and few studies have tried to integrate physiological data into assessments of species{\textquoteright} climatic vulnerability at the global scale. Here, we test the climatic variability hypothesis for endotherms, with a comprehensive dataset on thermal tolerances derived from physiological experiments, and use these data to assess the vulnerability of species to projected climate change. We find the expected relationship between thermal tolerance and ambient climatic variability in birds, but not in mammals{\textemdash}a contrast possibly resulting from different adaptation strategies to ambient climate via behaviour, morphology or physiology. We show that currently most of the species are experiencing ambient temperatures well within their tolerance limits and that in the future many species may be able to tolerate projected temperature increases across significant proportions of their distributions. However, our findings also underline the high vulnerability of tropical regions to changes in temperature and other threats of anthropogenic global changes. Our study demonstrates that a better understanding of the interplay among species{\textquoteright} physiology and the geography of climate change will advance assessments of species{\textquoteright} vulnerability to climate change.},
	Author = {Khaliq, Imran and Hof, Christian and Prinzinger, Roland and B{\"o}hning-Gaese, Katrin and Pfenninger, Markus},
	Date-Added = {2018-07-24 15:45:24 +0000},
	Date-Modified = {2018-07-24 15:45:39 +0000},
	Doi = {10.1098/rspb.2014.1097},
	Eprint = {http://rspb.royalsocietypublishing.org/content/281/1789/20141097.full.pdf},
	Issn = {0962-8452},
	Journal = {Proceedings of the Royal Society of London B: Biological Sciences},
	Number = {1789},
	Publisher = {The Royal Society},
	Title = {Global variation in thermal tolerances and vulnerability of endotherms to climate change},
	Url = {http://rspb.royalsocietypublishing.org/content/281/1789/20141097},
	Volume = {281},
	Year = {2014},
	Bdsk-Url-1 = {http://rspb.royalsocietypublishing.org/content/281/1789/20141097},
	Bdsk-Url-2 = {https://dx.doi.org/10.1098/rspb.2014.1097}}

@article{Grimm_2008,
	Abstract = {Urban areas are hot spots that drive environmental change at multiple scales. Material demands of production and human consumption alter land use and cover, biodiversity, and hydrosystems locally to regionally, and urban waste discharge affects local to global biogeochemical cycles and climate. For urbanites, however, global environmental changes are swamped by dramatic changes in the local environment. Urban ecology integrates natural and social sciences to study these radically altered local environments and their regional and global effects. Cities themselves present both the problems and solutions to sustainability challenges of an increasingly urbanized world.},
	Author = {Grimm, Nancy B. and Faeth, Stanley H. and Golubiewski, Nancy E. and Redman, Charles L. and Wu, Jianguo and Bai, Xuemei and Briggs, John M.},
	Date-Added = {2018-07-24 15:44:19 +0000},
	Date-Modified = {2018-07-24 15:44:28 +0000},
	Doi = {10.1126/science.1150195},
	Eprint = {http://science.sciencemag.org/content/319/5864/756.full.pdf},
	Issn = {0036-8075},
	Journal = {Science},
	Number = {5864},
	Pages = {756--760},
	Publisher = {American Association for the Advancement of Science},
	Title = {Global Change and the Ecology of Cities},
	Url = {http://science.sciencemag.org/content/319/5864/756},
	Volume = {319},
	Year = {2008},
	Bdsk-Url-1 = {http://science.sciencemag.org/content/319/5864/756},
	Bdsk-Url-2 = {https://dx.doi.org/10.1126/science.1150195}}

@article{Foley_2005,
	Abstract = {Land use has generally been considered a local environmental issue, but it is becoming a force of global importance. Worldwide changes to forests, farmlands, waterways, and air are being driven by the need to provide food, fiber, water, and shelter to more than six billion people. Global croplands, pastures, plantations, and urban areas have expanded in recent decades, accompanied by large increases in energy, water, and fertilizer consumption, along with considerable losses of biodiversity. Such changes in land use have enabled humans to appropriate an increasing share of the planet{\textquoteright}s resources, but they also potentially undermine the capacity of ecosystems to sustain food production, maintain freshwater and forest resources, regulate climate and air quality, and ameliorate infectious diseases. We face the challenge of managing trade-offs between immediate human needs and maintaining the capacity of the biosphere to provide goods and services in the long term.},
	Author = {Foley, Jonathan A. and DeFries, Ruth and Asner, Gregory P. and Barford, Carol and Bonan, Gordon and Carpenter, Stephen R. and Chapin, F. Stuart and Coe, Michael T. and Daily, Gretchen C. and Gibbs, Holly K. and Helkowski, Joseph H. and Holloway, Tracey and Howard, Erica A. and Kucharik, Christopher J. and Monfreda, Chad and Patz, Jonathan A. and Prentice, I. Colin and Ramankutty, Navin and Snyder, Peter K.},
	Date-Added = {2018-07-24 15:43:20 +0000},
	Date-Modified = {2018-07-24 15:43:27 +0000},
	Doi = {10.1126/science.1111772},
	Eprint = {http://science.sciencemag.org/content/309/5734/570.full.pdf},
	Issn = {0036-8075},
	Journal = {Science},
	Number = {5734},
	Pages = {570--574},
	Publisher = {American Association for the Advancement of Science},
	Title = {Global Consequences of Land Use},
	Url = {http://science.sciencemag.org/content/309/5734/570},
	Volume = {309},
	Year = {2005},
	Bdsk-Url-1 = {http://science.sciencemag.org/content/309/5734/570},
	Bdsk-Url-2 = {https://dx.doi.org/10.1126/science.1111772}}

@article{Sabine_2004,
	Abstract = {Using inorganic carbon measurements from an international survey effort in the 1990s and a tracer-based separation technique, we estimate a global oceanic anthropogenic carbon dioxide (CO2) sink for the period from 1800 to 1994 of 118 {\textpm} 19 petagrams of carbon. The oceanic sink accounts for \~{}48\% of the total fossil-fuel and cement-manufacturing emissions, implying that the terrestrial biosphere was a net source of CO2 to the atmosphere of about 39 {\textpm} 28 petagrams of carbon for this period. The current fraction of total anthropogenic CO2 emissions stored in the ocean appears to be about one-third of the long-term potential.},
	Author = {Sabine, Christopher L. and Feely, Richard A. and Gruber, Nicolas and Key, Robert M. and Lee, Kitack and Bullister, John L. and Wanninkhof, Rik and Wong, C. S. and Wallace, Douglas W. R. and Tilbrook, Bronte and Millero, Frank J. and Peng, Tsung-Hung and Kozyr, Alexander and Ono, Tsueno and Rios, Aida F.},
	Date-Added = {2018-07-24 15:42:39 +0000},
	Date-Modified = {2018-07-24 15:42:47 +0000},
	Doi = {10.1126/science.1097403},
	Eprint = {http://science.sciencemag.org/content/305/5682/367.full.pdf},
	Issn = {0036-8075},
	Journal = {Science},
	Number = {5682},
	Pages = {367--371},
	Publisher = {American Association for the Advancement of Science},
	Title = {The Oceanic Sink for Anthropogenic CO2},
	Url = {http://science.sciencemag.org/content/305/5682/367},
	Volume = {305},
	Year = {2004},
	Bdsk-Url-1 = {http://science.sciencemag.org/content/305/5682/367},
	Bdsk-Url-2 = {https://dx.doi.org/10.1126/science.1097403}}

@article{Cox_2000,
	Author = {Cox, Peter M. and Betts, Richard A. and Jones, Chris D. and Spall, Steven A. and Totterdell, Ian J.},
	Date = {2000/11/09/online},
	Date-Added = {2018-07-24 15:41:08 +0000},
	Date-Modified = {2018-07-24 16:22:44 +0000},
	Day = {09},
	Journal = {Nature},
	L3 = {10.1038/35041539;},
	Month = {11},
	Pages = {184 EP -},
	Publisher = {Macmillian Magazines Ltd. SN -},
	Title = {Acceleration of global warming due to carbon-cycle feedbacks in a coupled climate model},
	Ty = {JOUR},
	Url = {http://dx.doi.org/10.1038/35041539},
	Volume = {408},
	Year = {2000},
	Bdsk-Url-1 = {http://dx.doi.org/10.1038/35041539}}

@article{Hamann_2012,
	Author = {Hamann, Andreas and Aitken, Sally N.},
	Date-Added = {2018-07-24 15:36:54 +0000},
	Date-Modified = {2018-07-24 15:36:54 +0000},
	Doi = {10.1111/j.1472-4642.2012.00945.x},
	Issn = {1366-9516},
	Journal = {Diversity and Distributions},
	Month = {Jul},
	Number = {3},
	Pages = {268--280},
	Publisher = {Wiley},
	Title = {Conservation planning under climate change: accounting for adaptive potential and migration capacity in species distribution models},
	Url = {http://dx.doi.org/10.1111/j.1472-4642.2012.00945.x},
	Volume = {19},
	Year = {2012},
	Bdsk-File-1 = {YnBsaXN0MDDUAQIDBAUGJCVYJHZlcnNpb25YJG9iamVjdHNZJGFyY2hpdmVyVCR0b3ASAAGGoKgHCBMUFRYaIVUkbnVsbNMJCgsMDxJXTlMua2V5c1pOUy5vYmplY3RzViRjbGFzc6INDoACgAOiEBGABIAFgAdccmVsYXRpdmVQYXRoWWFsaWFzRGF0YV8QLi4uL1BhcGVyLzI0LiBhZGFwdGF0aW9uLUhhbWFubl9BaXRrZW5fMjAxMy5wZGbSFwsYGVdOUy5kYXRhTxEB8AAAAAAB8AACAAAMTWFjaW50b3NoIEhEAAAAAAAAAAAAAAAAAAAAAAAAAEJEAAH/////HzI0LiBhZGFwdGF0aW9uLUhhbSNGRkZGRkZGRi5wZGYAAAAAAAAAAAAAAAAAAAAAAAAAAAAAAAAAAAAAAAAAAP////8AAAAAAAAAAAAAAAAAAQACAAAKIGN1AAAAAAAAAAAAAAAAAAVQYXBlcgAAAgBlLzpVc2VyczpkYW5pZWxidW9uYWl1dG86RGVza3RvcDpRVUFMSUZZZXhhbTpHbG9iYWwgQ2hhbmdlOlBhcGVyOjI0LiBhZGFwdGF0aW9uLUhhbWFubl9BaXRrZW5fMjAxMy5wZGYAAA4ATAAlADIANAAuACAAYQBkAGEAcAB0AGEAdABpAG8AbgAtAEgAYQBtAGEAbgBuAF8AQQBpAHQAawBlAG4AXwAyADAAMQAzAC4AcABkAGYADwAaAAwATQBhAGMAaQBuAHQAbwBzAGgAIABIAEQAEgBjVXNlcnMvZGFuaWVsYnVvbmFpdXRvL0Rlc2t0b3AvUVVBTElGWWV4YW0vR2xvYmFsIENoYW5nZS9QYXBlci8yNC4gYWRhcHRhdGlvbi1IYW1hbm5fQWl0a2VuXzIwMTMucGRmAAATAAEvAAAVAAIAFv//AACABtIbHB0eWiRjbGFzc25hbWVYJGNsYXNzZXNdTlNNdXRhYmxlRGF0YaMdHyBWTlNEYXRhWE5TT2JqZWN00hscIiNcTlNEaWN0aW9uYXJ5oiIgXxAPTlNLZXllZEFyY2hpdmVy0SYnVHJvb3SAAQAIABEAGgAjAC0AMgA3AEAARgBNAFUAYABnAGoAbABuAHEAcwB1AHcAhACOAL8AxADMAsACwgLHAtIC2wLpAu0C9AL9AwIDDwMSAyQDJwMsAAAAAAAAAgEAAAAAAAAAKAAAAAAAAAAAAAAAAAAAAy4=},
	Bdsk-File-2 = {YnBsaXN0MDDUAQIDBAUGJCVYJHZlcnNpb25YJG9iamVjdHNZJGFyY2hpdmVyVCR0b3ASAAGGoKgHCBMUFRYaIVUkbnVsbNMJCgsMDxJXTlMua2V5c1pOUy5vYmplY3RzViRjbGFzc6INDoACgAOiEBGABIAFgAdccmVsYXRpdmVQYXRoWWFsaWFzRGF0YV8QNS4uLy4uLy4uLy4uL0Rvd25sb2Fkcy8xMC4xMDA3JTJGczAwMzAwLTAxNS0xNzQwLXguYmli0hcLGBlXTlMuZGF0YU8RAaAAAAAAAaAAAgAADE1hY2ludG9zaCBIRAAAAAAAAAAAAAAAAAAAAAAAAABCRAAB/////x8xMC4xMDA3JTJGczAwMzAwLTAxNS0xNzQwLXguYmliAAAAAAAAAAAAAAAAAAAAAAAAAAAAAAAAAAAAAAAAAAD/////AAAAAAAAAAAAAAAAAAQAAgAACiBjdQAAAAAAAAAAAAAAAAAJRG93bmxvYWRzAAACAEEvOlVzZXJzOmRhbmllbGJ1b25haXV0bzpEb3dubG9hZHM6MTAuMTAwNyUyRnMwMDMwMC0wMTUtMTc0MC14LmJpYgAADgBAAB8AMQAwAC4AMQAwADAANwAlADIARgBzADAAMAAzADAAMAAtADAAMQA1AC0AMQA3ADQAMAAtAHgALgBiAGkAYgAPABoADABNAGEAYwBpAG4AdABvAHMAaAAgAEgARAASAD9Vc2Vycy9kYW5pZWxidW9uYWl1dG8vRG93bmxvYWRzLzEwLjEwMDclMkZzMDAzMDAtMDE1LTE3NDAteC5iaWIAABMAAS8AABUAAgAW//8AAIAG0hscHR5aJGNsYXNzbmFtZVgkY2xhc3Nlc11OU011dGFibGVEYXRhox0fIFZOU0RhdGFYTlNPYmplY3TSGxwiI1xOU0RpY3Rpb25hcnmiIiBfEA9OU0tleWVkQXJjaGl2ZXLRJidUcm9vdIABAAgAEQAaACMALQAyADcAQABGAE0AVQBgAGcAagBsAG4AcQBzAHUAdwCEAI4AxgDLANMCdwJ5An4CiQKSAqACpAKrArQCuQLGAskC2wLeAuMAAAAAAAACAQAAAAAAAAAoAAAAAAAAAAAAAAAAAAAC5Q==}}

@article{Lindenmayer_2012,
	Author = {Lindenmayer, David B. and Hulvey, Kristin B. and Hobbs, Richard J. and Colyvan, Mark and Felton, Adam and Possingham, Hugh and Steffen, Will and Wilson, Kerrie and Youngentob, Kara and Gibbons, Philip},
	Date-Added = {2018-07-24 15:36:50 +0000},
	Date-Modified = {2018-07-24 15:36:50 +0000},
	Doi = {10.1111/j.1755-263x.2011.00213.x},
	Issn = {1755-263X},
	Journal = {Conservation Letters},
	Month = {Jan},
	Number = {1},
	Pages = {28--36},
	Publisher = {Wiley},
	Title = {Avoiding bio-perversity from carbon sequestration solutions},
	Url = {http://dx.doi.org/10.1111/j.1755-263X.2011.00213.x},
	Volume = {5},
	Year = {2012},
	Bdsk-File-1 = {YnBsaXN0MDDUAQIDBAUGJCVYJHZlcnNpb25YJG9iamVjdHNZJGFyY2hpdmVyVCR0b3ASAAGGoKgHCBMUFRYaIVUkbnVsbNMJCgsMDxJXTlMua2V5c1pOUy5vYmplY3RzViRjbGFzc6INDoACgAOiEBGABIAFgAdccmVsYXRpdmVQYXRoWWFsaWFzRGF0YV8QRi4uL1BhcGVyLzIzLiBtdGlnYXRpb24tTGluZGVubWF5ZXJfZXRfYWwtMjAxMi1Db25zZXJ2YXRpb25fTGV0dGVycy5wZGbSFwsYGVdOUy5kYXRhTxECUAAAAAACUAACAAAMTWFjaW50b3NoIEhEAAAAAAAAAAAAAAAAAAAAAAAAAEJEAAH/////HzIzLiBtdGlnYXRpb24tTGluZCNGRkZGRkZGRi5wZGYAAAAAAAAAAAAAAAAAAAAAAAAAAAAAAAAAAAAAAAAAAP////8AAAAAAAAAAAAAAAAAAQACAAAKIGN1AAAAAAAAAAAAAAAAAAVQYXBlcgAAAgB9LzpVc2VyczpkYW5pZWxidW9uYWl1dG86RGVza3RvcDpRVUFMSUZZZXhhbTpHbG9iYWwgQ2hhbmdlOlBhcGVyOjIzLiBtdGlnYXRpb24tTGluZGVubWF5ZXJfZXRfYWwtMjAxMi1Db25zZXJ2YXRpb25fTGV0dGVycy5wZGYAAA4AfAA9ADIAMwAuACAAbQB0AGkAZwBhAHQAaQBvAG4ALQBMAGkAbgBkAGUAbgBtAGEAeQBlAHIAXwBlAHQAXwBhAGwALQAyADAAMQAyAC0AQwBvAG4AcwBlAHIAdgBhAHQAaQBvAG4AXwBMAGUAdAB0AGUAcgBzAC4AcABkAGYADwAaAAwATQBhAGMAaQBuAHQAbwBzAGgAIABIAEQAEgB7VXNlcnMvZGFuaWVsYnVvbmFpdXRvL0Rlc2t0b3AvUVVBTElGWWV4YW0vR2xvYmFsIENoYW5nZS9QYXBlci8yMy4gbXRpZ2F0aW9uLUxpbmRlbm1heWVyX2V0X2FsLTIwMTItQ29uc2VydmF0aW9uX0xldHRlcnMucGRmAAATAAEvAAAVAAIAFv//AACABtIbHB0eWiRjbGFzc25hbWVYJGNsYXNzZXNdTlNNdXRhYmxlRGF0YaMdHyBWTlNEYXRhWE5TT2JqZWN00hscIiNcTlNEaWN0aW9uYXJ5oiIgXxAPTlNLZXllZEFyY2hpdmVy0SYnVHJvb3SAAQAIABEAGgAjAC0AMgA3AEAARgBNAFUAYABnAGoAbABuAHEAcwB1AHcAhACOANcA3ADkAzgDOgM/A0oDUwNhA2UDbAN1A3oDhwOKA5wDnwOkAAAAAAAAAgEAAAAAAAAAKAAAAAAAAAAAAAAAAAAAA6Y=},
	Bdsk-File-2 = {YnBsaXN0MDDUAQIDBAUGJCVYJHZlcnNpb25YJG9iamVjdHNZJGFyY2hpdmVyVCR0b3ASAAGGoKgHCBMUFRYaIVUkbnVsbNMJCgsMDxJXTlMua2V5c1pOUy5vYmplY3RzViRjbGFzc6INDoACgAOiEBGABIAFgAdccmVsYXRpdmVQYXRoWWFsaWFzRGF0YV8QQS4uLy4uLy4uLy4uL0Rvd25sb2Fkcy9nbG9iYWwtY2hhbmdlLWFuZC10aGUtZWNvbG9neS1vZi1jaXRpZXMuYmli0hcLGBlXTlMuZGF0YU8RAdAAAAAAAdAAAgAADE1hY2ludG9zaCBIRAAAAAAAAAAAAAAAAAAAAAAAAABCRAAB/////x9nbG9iYWwtY2hhbmdlLWFuZC0jRkZGRkZGRkYuYmliAAAAAAAAAAAAAAAAAAAAAAAAAAAAAAAAAAAAAAAAAAD/////AAAAAAAAAAAAAAAAAAQAAgAACiBjdQAAAAAAAAAAAAAAAAAJRG93bmxvYWRzAAACAE0vOlVzZXJzOmRhbmllbGJ1b25haXV0bzpEb3dubG9hZHM6Z2xvYmFsLWNoYW5nZS1hbmQtdGhlLWVjb2xvZ3ktb2YtY2l0aWVzLmJpYgAADgBYACsAZwBsAG8AYgBhAGwALQBjAGgAYQBuAGcAZQAtAGEAbgBkAC0AdABoAGUALQBlAGMAbwBsAG8AZwB5AC0AbwBmAC0AYwBpAHQAaQBlAHMALgBiAGkAYgAPABoADABNAGEAYwBpAG4AdABvAHMAaAAgAEgARAASAEtVc2Vycy9kYW5pZWxidW9uYWl1dG8vRG93bmxvYWRzL2dsb2JhbC1jaGFuZ2UtYW5kLXRoZS1lY29sb2d5LW9mLWNpdGllcy5iaWIAABMAAS8AABUAAgAW//8AAIAG0hscHR5aJGNsYXNzbmFtZVgkY2xhc3Nlc11OU011dGFibGVEYXRhox0fIFZOU0RhdGFYTlNPYmplY3TSGxwiI1xOU0RpY3Rpb25hcnmiIiBfEA9OU0tleWVkQXJjaGl2ZXLRJidUcm9vdIABAAgAEQAaACMALQAyADcAQABGAE0AVQBgAGcAagBsAG4AcQBzAHUAdwCEAI4A0gDXAN8CswK1AroCxQLOAtwC4ALnAvAC9QMCAwUDFwMaAx8AAAAAAAACAQAAAAAAAAAoAAAAAAAAAAAAAAAAAAADIQ==}}

@article{Arnfield_2003,
	Author = {Arnfield, A. John},
	Date-Added = {2018-07-24 15:36:43 +0000},
	Date-Modified = {2018-07-24 15:36:43 +0000},
	Doi = {10.1002/joc.859},
	Issn = {1097-0088},
	Journal = {International Journal of Climatology},
	Month = {Jan},
	Number = {1},
	Pages = {1--26},
	Publisher = {Wiley},
	Title = {Two decades of urban climate research: a review of turbulence, exchanges of energy and water, and the urban heat island},
	Url = {http://dx.doi.org/10.1002/joc.859},
	Volume = {23},
	Year = {2003},
	Bdsk-File-1 = {YnBsaXN0MDDUAQIDBAUGJCVYJHZlcnNpb25YJG9iamVjdHNZJGFyY2hpdmVyVCR0b3ASAAGGoKgHCBMUFRYaIVUkbnVsbNMJCgsMDxJXTlMua2V5c1pOUy5vYmplY3RzViRjbGFzc6INDoACgAOiEBGABIAFgAdccmVsYXRpdmVQYXRoWWFsaWFzRGF0YV8QTi4uL1BhcGVyLzIyLiB1cmJhbi1cQXJuZmllbGQtMjAwMy1JbnRlcm5hdGlvbmFsX0pvdXJuYWxfb2ZfQ2xpbWF0b2xvZ3kgKDEpLnBkZtIXCxgZV05TLmRhdGFPEQJwAAAAAAJwAAIAAAxNYWNpbnRvc2ggSEQAAAAAAAAAAAAAAAAAAAAAAAAAQkQAAf////8fMjIuIHVyYmFuLVxBcm5maWVsI0ZGRkZGRkZGLnBkZgAAAAAAAAAAAAAAAAAAAAAAAAAAAAAAAAAAAAAAAAAA/////wAAAAAAAAAAAAAAAAABAAIAAAogY3UAAAAAAAAAAAAAAAAABVBhcGVyAAACAIUvOlVzZXJzOmRhbmllbGJ1b25haXV0bzpEZXNrdG9wOlFVQUxJRllleGFtOkdsb2JhbCBDaGFuZ2U6UGFwZXI6MjIuIHVyYmFuLVxBcm5maWVsZC0yMDAzLUludGVybmF0aW9uYWxfSm91cm5hbF9vZl9DbGltYXRvbG9neSAoMSkucGRmAAAOAIwARQAyADIALgAgAHUAcgBiAGEAbgAtAFwAQQByAG4AZgBpAGUAbABkAC0AMgAwADAAMwAtAEkAbgB0AGUAcgBuAGEAdABpAG8AbgBhAGwAXwBKAG8AdQByAG4AYQBsAF8AbwBmAF8AQwBsAGkAbQBhAHQAbwBsAG8AZwB5ACAAKAAxACkALgBwAGQAZgAPABoADABNAGEAYwBpAG4AdABvAHMAaAAgAEgARAASAINVc2Vycy9kYW5pZWxidW9uYWl1dG8vRGVza3RvcC9RVUFMSUZZZXhhbS9HbG9iYWwgQ2hhbmdlL1BhcGVyLzIyLiB1cmJhbi1cQXJuZmllbGQtMjAwMy1JbnRlcm5hdGlvbmFsX0pvdXJuYWxfb2ZfQ2xpbWF0b2xvZ3kgKDEpLnBkZgAAEwABLwAAFQACABb//wAAgAbSGxwdHlokY2xhc3NuYW1lWCRjbGFzc2VzXU5TTXV0YWJsZURhdGGjHR8gVk5TRGF0YVhOU09iamVjdNIbHCIjXE5TRGljdGlvbmFyeaIiIF8QD05TS2V5ZWRBcmNoaXZlctEmJ1Ryb290gAEACAARABoAIwAtADIANwBAAEYATQBVAGAAZwBqAGwAbgBxAHMAdQB3AIQAjgDfAOQA7ANgA2IDZwNyA3sDiQONA5QDnQOiA68DsgPEA8cDzAAAAAAAAAIBAAAAAAAAACgAAAAAAAAAAAAAAAAAAAPO}}

@article{Kroeker_2013,
	Author = {Kroeker, Kristy J. and Kordas, Rebecca L. and Crim, Ryan and Hendriks, Iris E. and Ramajo, Laura and Singh, Gerald S. and Duarte, Carlos M. and Gattuso, Jean-Pierre},
	Date-Added = {2018-07-24 15:36:39 +0000},
	Date-Modified = {2018-07-24 15:36:39 +0000},
	Doi = {10.1111/gcb.12179},
	Issn = {1354-1013},
	Journal = {Global Change Biology},
	Month = {Apr},
	Number = {6},
	Pages = {1884--1896},
	Publisher = {Wiley},
	Title = {Impacts of ocean acidification on marine organisms: quantifying sensitivities and interaction with warming},
	Url = {http://dx.doi.org/10.1111/gcb.12179},
	Volume = {19},
	Year = {2013},
	Bdsk-File-1 = {YnBsaXN0MDDUAQIDBAUGJCVYJHZlcnNpb25YJG9iamVjdHNZJGFyY2hpdmVyVCR0b3ASAAGGoKgHCBMUFRYaIVUkbnVsbNMJCgsMDxJXTlMua2V5c1pOUy5vYmplY3RzViRjbGFzc6INDoACgAOiEBGABIAFgAdccmVsYXRpdmVQYXRoWWFsaWFzRGF0YV8QPi4uL1BhcGVyLzIwLiBhY2lkLUtyb2VrZXJfZXRfYWwtMjAxMy1HbG9iYWxfQ2hhbmdlX0Jpb2xvZ3kucGRm0hcLGBlXTlMuZGF0YU8RAjAAAAAAAjAAAgAADE1hY2ludG9zaCBIRAAAAAAAAAAAAAAAAAAAAAAAAABCRAAB/////x8yMC4gYWNpZC1Lcm9la2VyX2UjRkZGRkZGRkYucGRmAAAAAAAAAAAAAAAAAAAAAAAAAAAAAAAAAAAAAAAAAAD/////AAAAAAAAAAAAAAAAAAEAAgAACiBjdQAAAAAAAAAAAAAAAAAFUGFwZXIAAAIAdS86VXNlcnM6ZGFuaWVsYnVvbmFpdXRvOkRlc2t0b3A6UVVBTElGWWV4YW06R2xvYmFsIENoYW5nZTpQYXBlcjoyMC4gYWNpZC1Lcm9la2VyX2V0X2FsLTIwMTMtR2xvYmFsX0NoYW5nZV9CaW9sb2d5LnBkZgAADgBsADUAMgAwAC4AIABhAGMAaQBkAC0ASwByAG8AZQBrAGUAcgBfAGUAdABfAGEAbAAtADIAMAAxADMALQBHAGwAbwBiAGEAbABfAEMAaABhAG4AZwBlAF8AQgBpAG8AbABvAGcAeQAuAHAAZABmAA8AGgAMAE0AYQBjAGkAbgB0AG8AcwBoACAASABEABIAc1VzZXJzL2RhbmllbGJ1b25haXV0by9EZXNrdG9wL1FVQUxJRllleGFtL0dsb2JhbCBDaGFuZ2UvUGFwZXIvMjAuIGFjaWQtS3JvZWtlcl9ldF9hbC0yMDEzLUdsb2JhbF9DaGFuZ2VfQmlvbG9neS5wZGYAABMAAS8AABUAAgAW//8AAIAG0hscHR5aJGNsYXNzbmFtZVgkY2xhc3Nlc11OU011dGFibGVEYXRhox0fIFZOU0RhdGFYTlNPYmplY3TSGxwiI1xOU0RpY3Rpb25hcnmiIiBfEA9OU0tleWVkQXJjaGl2ZXLRJidUcm9vdIABAAgAEQAaACMALQAyADcAQABGAE0AVQBgAGcAagBsAG4AcQBzAHUAdwCEAI4AzwDUANwDEAMSAxcDIgMrAzkDPQNEA00DUgNfA2IDdAN3A3wAAAAAAAACAQAAAAAAAAAoAAAAAAAAAAAAAAAAAAADfg==}}

@article{Anthony_2008,
	Author = {Anthony, K. R. N. and Kline, D. I. and Diaz-Pulido, G. and Dove, S. and Hoegh-Guldberg, O.},
	Date-Added = {2018-07-24 15:36:35 +0000},
	Date-Modified = {2018-07-24 15:36:35 +0000},
	Doi = {10.1073/pnas.0804478105},
	Issn = {1091-6490},
	Journal = {Proceedings of the National Academy of Sciences},
	Month = {Nov},
	Number = {45},
	Pages = {17442--17446},
	Publisher = {Proceedings of the National Academy of Sciences},
	Title = {Ocean acidification causes bleaching and productivity loss in coral reef builders},
	Url = {http://dx.doi.org/10.1073/pnas.0804478105},
	Volume = {105},
	Year = {2008},
	Bdsk-File-1 = {YnBsaXN0MDDUAQIDBAUGJCVYJHZlcnNpb25YJG9iamVjdHNZJGFyY2hpdmVyVCR0b3ASAAGGoKgHCBMUFRYaIVUkbnVsbNMJCgsMDxJXTlMua2V5c1pOUy5vYmplY3RzViRjbGFzc6INDoACgAOiEBGABIAFgAdccmVsYXRpdmVQYXRoWWFsaWFzRGF0YV8QHS4uL1BhcGVyLzIwLiBhY2lkLUFudGhvbnkucGRm0hcLGBlXTlMuZGF0YU8RAaoAAAAAAaoAAgAADE1hY2ludG9zaCBIRAAAAAAAAAAAAAAAAAAAAAAAAABCRAAB/////xQyMC4gYWNpZC1BbnRob255LnBkZgAAAAAAAAAAAAAAAAAAAAAAAAAAAAAAAAAAAAAAAAAAAAAAAAAAAAAAAAD/////AAAAAAAAAAAAAAAAAAEAAgAACiBjdQAAAAAAAAAAAAAAAAAFUGFwZXIAAAIAVC86VXNlcnM6ZGFuaWVsYnVvbmFpdXRvOkRlc2t0b3A6UVVBTElGWWV4YW06R2xvYmFsIENoYW5nZTpQYXBlcjoyMC4gYWNpZC1BbnRob255LnBkZgAOACoAFAAyADAALgAgAGEAYwBpAGQALQBBAG4AdABoAG8AbgB5AC4AcABkAGYADwAaAAwATQBhAGMAaQBuAHQAbwBzAGgAIABIAEQAEgBSVXNlcnMvZGFuaWVsYnVvbmFpdXRvL0Rlc2t0b3AvUVVBTElGWWV4YW0vR2xvYmFsIENoYW5nZS9QYXBlci8yMC4gYWNpZC1BbnRob255LnBkZgATAAEvAAAVAAIAFv//AACABtIbHB0eWiRjbGFzc25hbWVYJGNsYXNzZXNdTlNNdXRhYmxlRGF0YaMdHyBWTlNEYXRhWE5TT2JqZWN00hscIiNcTlNEaWN0aW9uYXJ5oiIgXxAPTlNLZXllZEFyY2hpdmVy0SYnVHJvb3SAAQAIABEAGgAjAC0AMgA3AEAARgBNAFUAYABnAGoAbABuAHEAcwB1AHcAhACOAK4AswC7AmkCawJwAnsChAKSApYCnQKmAqsCuAK7As0C0ALVAAAAAAAAAgEAAAAAAAAAKAAAAAAAAAAAAAAAAAAAAtc=}}

@article{Schindler_2008,
	Author = {Schindler, D. W. and Hecky, R. E. and Findlay, D. L. and Stainton, M. P. and Parker, B. R. and Paterson, M. J. and Beaty, K. G. and Lyng, M. and Kasian, S. E. M.},
	Date-Added = {2018-07-24 15:36:31 +0000},
	Date-Modified = {2018-07-24 15:36:31 +0000},
	Doi = {10.1073/pnas.0805108105},
	Issn = {1091-6490},
	Journal = {Proceedings of the National Academy of Sciences},
	Month = {Jul},
	Number = {32},
	Pages = {11254--11258},
	Publisher = {Proceedings of the National Academy of Sciences},
	Title = {Eutrophication of lakes cannot be controlled by reducing nitrogen input: Results of a 37-year whole-ecosystem experiment},
	Url = {http://dx.doi.org/10.1073/pnas.0805108105},
	Volume = {105},
	Year = {2008},
	Bdsk-File-1 = {YnBsaXN0MDDUAQIDBAUGJCVYJHZlcnNpb25YJG9iamVjdHNZJGFyY2hpdmVyVCR0b3ASAAGGoKgHCBMUFRYaIVUkbnVsbNMJCgsMDxJXTlMua2V5c1pOUy5vYmplY3RzViRjbGFzc6INDoACgAOiEBGABIAFgAdccmVsYXRpdmVQYXRoWWFsaWFzRGF0YV8QLS4uL1BhcGVyLzE5LiBFdXRyb3BoaWNhdGlvbi1TY2hpbmRsZXIyMDA4LnBkZtIXCxgZV05TLmRhdGFPEQHqAAAAAAHqAAIAAAxNYWNpbnRvc2ggSEQAAAAAAAAAAAAAAAAAAAAAAAAAQkQAAf////8fMTkuIEV1dHJvcGhpY2F0aW9uI0ZGRkZGRkZGLnBkZgAAAAAAAAAAAAAAAAAAAAAAAAAAAAAAAAAAAAAAAAAA/////wAAAAAAAAAAAAAAAAABAAIAAAogY3UAAAAAAAAAAAAAAAAABVBhcGVyAAACAGQvOlVzZXJzOmRhbmllbGJ1b25haXV0bzpEZXNrdG9wOlFVQUxJRllleGFtOkdsb2JhbCBDaGFuZ2U6UGFwZXI6MTkuIEV1dHJvcGhpY2F0aW9uLVNjaGluZGxlcjIwMDgucGRmAA4ASgAkADEAOQAuACAARQB1AHQAcgBvAHAAaABpAGMAYQB0AGkAbwBuAC0AUwBjAGgAaQBuAGQAbABlAHIAMgAwADAAOAAuAHAAZABmAA8AGgAMAE0AYQBjAGkAbgB0AG8AcwBoACAASABEABIAYlVzZXJzL2RhbmllbGJ1b25haXV0by9EZXNrdG9wL1FVQUxJRllleGFtL0dsb2JhbCBDaGFuZ2UvUGFwZXIvMTkuIEV1dHJvcGhpY2F0aW9uLVNjaGluZGxlcjIwMDgucGRmABMAAS8AABUAAgAW//8AAIAG0hscHR5aJGNsYXNzbmFtZVgkY2xhc3Nlc11OU011dGFibGVEYXRhox0fIFZOU0RhdGFYTlNPYmplY3TSGxwiI1xOU0RpY3Rpb25hcnmiIiBfEA9OU0tleWVkQXJjaGl2ZXLRJidUcm9vdIABAAgAEQAaACMALQAyADcAQABGAE0AVQBgAGcAagBsAG4AcQBzAHUAdwCEAI4AvgDDAMsCuQK7AsACywLUAuIC5gLtAvYC+wMIAwsDHQMgAyUAAAAAAAACAQAAAAAAAAAoAAAAAAAAAAAAAAAAAAADJw==},
	Bdsk-File-2 = {YnBsaXN0MDDUAQIDBAUGJCVYJHZlcnNpb25YJG9iamVjdHNZJGFyY2hpdmVyVCR0b3ASAAGGoKgHCBMUFRYaIVUkbnVsbNMJCgsMDxJXTlMua2V5c1pOUy5vYmplY3RzViRjbGFzc6INDoACgAOiEBGABIAFgAdccmVsYXRpdmVQYXRoWWFsaWFzRGF0YV8QNS4uLy4uLy4uLy4uL0Rvd25sb2Fkcy8xMC4xMDA3JTJGczAwMzAwLTAxNS0xNzQwLXguYmli0hcLGBlXTlMuZGF0YU8RAaAAAAAAAaAAAgAADE1hY2ludG9zaCBIRAAAAAAAAAAAAAAAAAAAAAAAAABCRAAB/////x8xMC4xMDA3JTJGczAwMzAwLTAxNS0xNzQwLXguYmliAAAAAAAAAAAAAAAAAAAAAAAAAAAAAAAAAAAAAAAAAAD/////AAAAAAAAAAAAAAAAAAQAAgAACiBjdQAAAAAAAAAAAAAAAAAJRG93bmxvYWRzAAACAEEvOlVzZXJzOmRhbmllbGJ1b25haXV0bzpEb3dubG9hZHM6MTAuMTAwNyUyRnMwMDMwMC0wMTUtMTc0MC14LmJpYgAADgBAAB8AMQAwAC4AMQAwADAANwAlADIARgBzADAAMAAzADAAMAAtADAAMQA1AC0AMQA3ADQAMAAtAHgALgBiAGkAYgAPABoADABNAGEAYwBpAG4AdABvAHMAaAAgAEgARAASAD9Vc2Vycy9kYW5pZWxidW9uYWl1dG8vRG93bmxvYWRzLzEwLjEwMDclMkZzMDAzMDAtMDE1LTE3NDAteC5iaWIAABMAAS8AABUAAgAW//8AAIAG0hscHR5aJGNsYXNzbmFtZVgkY2xhc3Nlc11OU011dGFibGVEYXRhox0fIFZOU0RhdGFYTlNPYmplY3TSGxwiI1xOU0RpY3Rpb25hcnmiIiBfEA9OU0tleWVkQXJjaGl2ZXLRJidUcm9vdIABAAgAEQAaACMALQAyADcAQABGAE0AVQBgAGcAagBsAG4AcQBzAHUAdwCEAI4AxgDLANMCdwJ5An4CiQKSAqACpAKrArQCuQLGAskC2wLeAuMAAAAAAAACAQAAAAAAAAAoAAAAAAAAAAAAAAAAAAAC5Q==}}

@article{Liu_2017,
	Author = {Liu, Yanjie and Oduor, Ayub M. O. and Zhang, Zhen and Manea, Anthony and Tooth, Ifeanna M. and Leishman, Michelle R. and Xu, Xingliang and van Kleunen, Mark},
	Date-Added = {2018-07-24 15:36:23 +0000},
	Date-Modified = {2018-07-24 15:36:23 +0000},
	Doi = {10.1111/gcb.13579},
	Issn = {1354-1013},
	Journal = {Global Change Biology},
	Month = {Feb},
	Number = {8},
	Pages = {3363--3370},
	Publisher = {Wiley},
	Title = {Do invasive alien plants benefit more from global environmental change than native plants?},
	Url = {http://dx.doi.org/10.1111/gcb.13579},
	Volume = {23},
	Year = {2017},
	Bdsk-File-1 = {YnBsaXN0MDDUAQIDBAUGJCVYJHZlcnNpb25YJG9iamVjdHNZJGFyY2hpdmVyVCR0b3ASAAGGoKgHCBMUFRYaIVUkbnVsbNMJCgsMDxJXTlMua2V5c1pOUy5vYmplY3RzViRjbGFzc6INDoACgAOiEBGABIAFgAdccmVsYXRpdmVQYXRoWWFsaWFzRGF0YV8QIi4uL1BhcGVyLzE3LiBJbnZhc2lvbi1MaXVfMjAxNy5wZGbSFwsYGVdOUy5kYXRhTxEBwAAAAAABwAACAAAMTWFjaW50b3NoIEhEAAAAAAAAAAAAAAAAAAAAAAAAAEJEAAH/////GTE3LiBJbnZhc2lvbi1MaXVfMjAxNy5wZGYAAAAAAAAAAAAAAAAAAAAAAAAAAAAAAAAAAAAAAAAAAAAAAAAAAP////8AAAAAAAAAAAAAAAAAAQACAAAKIGN1AAAAAAAAAAAAAAAAAAVQYXBlcgAAAgBZLzpVc2VyczpkYW5pZWxidW9uYWl1dG86RGVza3RvcDpRVUFMSUZZZXhhbTpHbG9iYWwgQ2hhbmdlOlBhcGVyOjE3LiBJbnZhc2lvbi1MaXVfMjAxNy5wZGYAAA4ANAAZADEANwAuACAASQBuAHYAYQBzAGkAbwBuAC0ATABpAHUAXwAyADAAMQA3AC4AcABkAGYADwAaAAwATQBhAGMAaQBuAHQAbwBzAGgAIABIAEQAEgBXVXNlcnMvZGFuaWVsYnVvbmFpdXRvL0Rlc2t0b3AvUVVBTElGWWV4YW0vR2xvYmFsIENoYW5nZS9QYXBlci8xNy4gSW52YXNpb24tTGl1XzIwMTcucGRmAAATAAEvAAAVAAIAFv//AACABtIbHB0eWiRjbGFzc25hbWVYJGNsYXNzZXNdTlNNdXRhYmxlRGF0YaMdHyBWTlNEYXRhWE5TT2JqZWN00hscIiNcTlNEaWN0aW9uYXJ5oiIgXxAPTlNLZXllZEFyY2hpdmVy0SYnVHJvb3SAAQAIABEAGgAjAC0AMgA3AEAARgBNAFUAYABnAGoAbABuAHEAcwB1AHcAhACOALMAuADAAoQChgKLApYCnwKtArECuALBAsYC0wLWAugC6wLwAAAAAAAAAgEAAAAAAAAAKAAAAAAAAAAAAAAAAAAAAvI=}}

@article{Sork_2006,
	Author = {Sork, Victoria L. and Smouse, Peter E.},
	Date-Added = {2018-07-24 15:36:10 +0000},
	Date-Modified = {2018-07-24 15:36:10 +0000},
	Doi = {10.1007/s10980-005-5415-9},
	Issn = {1572-9761},
	Journal = {Landscape Ecology},
	Month = {Aug},
	Number = {6},
	Pages = {821--836},
	Publisher = {Springer Nature},
	Title = {Genetic analysis of landscape connectivity in tree populations},
	Url = {http://dx.doi.org/10.1007/s10980-005-5415-9},
	Volume = {21},
	Year = {2006},
	Bdsk-File-1 = {YnBsaXN0MDDUAQIDBAUGJCVYJHZlcnNpb25YJG9iamVjdHNZJGFyY2hpdmVyVCR0b3ASAAGGoKgHCBMUFRYaIVUkbnVsbNMJCgsMDxJXTlMua2V5c1pOUy5vYmplY3RzViRjbGFzc6INDoACgAOiEBGABIAFgAdccmVsYXRpdmVQYXRoWWFsaWFzRGF0YV8QIy4uL1BhcGVyLzE0LiBmcmFnbWVudHMtU29yazIwMDYucGRm0hcLGBlXTlMuZGF0YU8RAcIAAAAAAcIAAgAADE1hY2ludG9zaCBIRAAAAAAAAAAAAAAAAAAAAAAAAABCRAAB/////xoxNC4gZnJhZ21lbnRzLVNvcmsyMDA2LnBkZgAAAAAAAAAAAAAAAAAAAAAAAAAAAAAAAAAAAAAAAAAAAAAAAAD/////AAAAAAAAAAAAAAAAAAEAAgAACiBjdQAAAAAAAAAAAAAAAAAFUGFwZXIAAAIAWi86VXNlcnM6ZGFuaWVsYnVvbmFpdXRvOkRlc2t0b3A6UVVBTElGWWV4YW06R2xvYmFsIENoYW5nZTpQYXBlcjoxNC4gZnJhZ21lbnRzLVNvcmsyMDA2LnBkZgAOADYAGgAxADQALgAgAGYAcgBhAGcAbQBlAG4AdABzAC0AUwBvAHIAawAyADAAMAA2AC4AcABkAGYADwAaAAwATQBhAGMAaQBuAHQAbwBzAGgAIABIAEQAEgBYVXNlcnMvZGFuaWVsYnVvbmFpdXRvL0Rlc2t0b3AvUVVBTElGWWV4YW0vR2xvYmFsIENoYW5nZS9QYXBlci8xNC4gZnJhZ21lbnRzLVNvcmsyMDA2LnBkZgATAAEvAAAVAAIAFv//AACABtIbHB0eWiRjbGFzc25hbWVYJGNsYXNzZXNdTlNNdXRhYmxlRGF0YaMdHyBWTlNEYXRhWE5TT2JqZWN00hscIiNcTlNEaWN0aW9uYXJ5oiIgXxAPTlNLZXllZEFyY2hpdmVy0SYnVHJvb3SAAQAIABEAGgAjAC0AMgA3AEAARgBNAFUAYABnAGoAbABuAHEAcwB1AHcAhACOALQAuQDBAocCiQKOApkCogKwArQCuwLEAskC1gLZAusC7gLzAAAAAAAAAgEAAAAAAAAAKAAAAAAAAAAAAAAAAAAAAvU=}}

@article{Riley_2006,
	Author = {Riley, Seth P. D. and Pollinger, John P. and Sauvajot, Raymond M. M. and York, Eric C. and Bromley, Cassity and Fuller, Todd K. and Wayne, Robert K.},
	Date-Added = {2018-07-24 15:35:50 +0000},
	Date-Modified = {2018-08-12 17:02:31 -0500},
	Doi = {10.1111/j.1365-294x.2006.02907.x},
	Issn = {0962-1083},
	Journal = {Molecular Ecology},
	Month = {Mar},
	Number = {7},
	Pages = {1733--1741},
	Publisher = {Wiley},
	Title = {A southern California freeway is a physical and social barrier to gene flow in carnivores},
	Url = {http://dx.doi.org/10.1111/j.1365-294X.2006.02907.x},
	Volume = {15},
	Year = {2006},
	Bdsk-File-1 = {YnBsaXN0MDDUAQIDBAUGJCVYJHZlcnNpb25YJG9iamVjdHNZJGFyY2hpdmVyVCR0b3ASAAGGoKgHCBMUFRYaIVUkbnVsbNMJCgsMDxJXTlMua2V5c1pOUy5vYmplY3RzViRjbGFzc6INDoACgAOiEBGABIAFgAdccmVsYXRpdmVQYXRoWWFsaWFzRGF0YV8QPS4uL1BhcGVyLzE0LiBmcmFnbWVudHMtUklMRVlfZXRfYWwtMjAwNi1Nb2xlY3VsYXJfRWNvbG9neS5wZGbSFwsYGVdOUy5kYXRhTxECKgAAAAACKgACAAAMTWFjaW50b3NoIEhEAAAAAAAAAAAAAAAAAAAAAAAAAEJEAAH/////HzE0LiBmcmFnbWVudHMtUklMRSNGRkZGRkZGRi5wZGYAAAAAAAAAAAAAAAAAAAAAAAAAAAAAAAAAAAAAAAAAAP////8AAAAAAAAAAAAAAAAAAQACAAAKIGN1AAAAAAAAAAAAAAAAAAVQYXBlcgAAAgB0LzpVc2VyczpkYW5pZWxidW9uYWl1dG86RGVza3RvcDpRVUFMSUZZZXhhbTpHbG9iYWwgQ2hhbmdlOlBhcGVyOjE0LiBmcmFnbWVudHMtUklMRVlfZXRfYWwtMjAwNi1Nb2xlY3VsYXJfRWNvbG9neS5wZGYADgBqADQAMQA0AC4AIABmAHIAYQBnAG0AZQBuAHQAcwAtAFIASQBMAEUAWQBfAGUAdABfAGEAbAAtADIAMAAwADYALQBNAG8AbABlAGMAdQBsAGEAcgBfAEUAYwBvAGwAbwBnAHkALgBwAGQAZgAPABoADABNAGEAYwBpAG4AdABvAHMAaAAgAEgARAASAHJVc2Vycy9kYW5pZWxidW9uYWl1dG8vRGVza3RvcC9RVUFMSUZZZXhhbS9HbG9iYWwgQ2hhbmdlL1BhcGVyLzE0LiBmcmFnbWVudHMtUklMRVlfZXRfYWwtMjAwNi1Nb2xlY3VsYXJfRWNvbG9neS5wZGYAEwABLwAAFQACABb//wAAgAbSGxwdHlokY2xhc3NuYW1lWCRjbGFzc2VzXU5TTXV0YWJsZURhdGGjHR8gVk5TRGF0YVhOU09iamVjdNIbHCIjXE5TRGljdGlvbmFyeaIiIF8QD05TS2V5ZWRBcmNoaXZlctEmJ1Ryb290gAEACAARABoAIwAtADIANwBAAEYATQBVAGAAZwBqAGwAbgBxAHMAdQB3AIQAjgDOANMA2wMJAwsDEAMbAyQDMgM2Az0DRgNLA1gDWwNtA3ADdQAAAAAAAAIBAAAAAAAAACgAAAAAAAAAAAAAAAAAAAN3}}

@article{Jump_2006,
	Author = {Jump, A. S. and Penuelas, J.},
	Date-Added = {2018-07-24 15:35:44 +0000},
	Date-Modified = {2018-07-24 15:35:44 +0000},
	Doi = {10.1073/pnas.0510127103},
	Issn = {1091-6490},
	Journal = {Proceedings of the National Academy of Sciences},
	Month = {May},
	Number = {21},
	Pages = {8096--8100},
	Publisher = {Proceedings of the National Academy of Sciences},
	Title = {Genetic effects of chronic habitat fragmentation in a wind-pollinated tree},
	Url = {http://dx.doi.org/10.1073/pnas.0510127103},
	Volume = {103},
	Year = {2006},
	Bdsk-File-1 = {YnBsaXN0MDDUAQIDBAUGJCVYJHZlcnNpb25YJG9iamVjdHNZJGFyY2hpdmVyVCR0b3ASAAGGoKgHCBMUFRYaIVUkbnVsbNMJCgsMDxJXTlMua2V5c1pOUy5vYmplY3RzViRjbGFzc6INDoACgAOiEBGABIAFgAdccmVsYXRpdmVQYXRoWWFsaWFzRGF0YV8QJC4uL1BhcGVyLzE0LiBmcmFnbWVudHMtSnVtcCAyMDA2LnBkZtIXCxgZV05TLmRhdGFPEQHIAAAAAAHIAAIAAAxNYWNpbnRvc2ggSEQAAAAAAAAAAAAAAAAAAAAAAAAAQkQAAf////8bMTQuIGZyYWdtZW50cy1KdW1wIDIwMDYucGRmAAAAAAAAAAAAAAAAAAAAAAAAAAAAAAAAAAAAAAAAAAAAAAAA/////wAAAAAAAAAAAAAAAAABAAIAAAogY3UAAAAAAAAAAAAAAAAABVBhcGVyAAACAFsvOlVzZXJzOmRhbmllbGJ1b25haXV0bzpEZXNrdG9wOlFVQUxJRllleGFtOkdsb2JhbCBDaGFuZ2U6UGFwZXI6MTQuIGZyYWdtZW50cy1KdW1wIDIwMDYucGRmAAAOADgAGwAxADQALgAgAGYAcgBhAGcAbQBlAG4AdABzAC0ASgB1AG0AcAAgADIAMAAwADYALgBwAGQAZgAPABoADABNAGEAYwBpAG4AdABvAHMAaAAgAEgARAASAFlVc2Vycy9kYW5pZWxidW9uYWl1dG8vRGVza3RvcC9RVUFMSUZZZXhhbS9HbG9iYWwgQ2hhbmdlL1BhcGVyLzE0LiBmcmFnbWVudHMtSnVtcCAyMDA2LnBkZgAAEwABLwAAFQACABb//wAAgAbSGxwdHlokY2xhc3NuYW1lWCRjbGFzc2VzXU5TTXV0YWJsZURhdGGjHR8gVk5TRGF0YVhOU09iamVjdNIbHCIjXE5TRGljdGlvbmFyeaIiIF8QD05TS2V5ZWRBcmNoaXZlctEmJ1Ryb290gAEACAARABoAIwAtADIANwBAAEYATQBVAGAAZwBqAGwAbgBxAHMAdQB3AIQAjgC1ALoAwgKOApAClQKgAqkCtwK7AsICywLQAt0C4ALyAvUC+gAAAAAAAAIBAAAAAAAAACgAAAAAAAAAAAAAAAAAAAL8},
	Bdsk-File-2 = {YnBsaXN0MDDUAQIDBAUGJCVYJHZlcnNpb25YJG9iamVjdHNZJGFyY2hpdmVyVCR0b3ASAAGGoKgHCBMUFRYaIVUkbnVsbNMJCgsMDxJXTlMua2V5c1pOUy5vYmplY3RzViRjbGFzc6INDoACgAOiEBGABIAFgAdccmVsYXRpdmVQYXRoWWFsaWFzRGF0YV8QQC4uLy4uLy4uLy4uL0Rvd25sb2Fkcy90aGUtb2NlYW5pYy1zaW5rLWZvci1hbnRocm9wb2dlbmljLWNvMi5iaWLSFwsYGVdOUy5kYXRhTxEBygAAAAABygACAAAMTWFjaW50b3NoIEhEAAAAAAAAAAAAAAAAAAAAAAAAAEJEAAH/////H3RoZS1vY2VhbmljLXNpbmstZiNGRkZGRkZGRi5iaWIAAAAAAAAAAAAAAAAAAAAAAAAAAAAAAAAAAAAAAAAAAP////8AAAAAAAAAAAAAAAAABAACAAAKIGN1AAAAAAAAAAAAAAAAAAlEb3dubG9hZHMAAAIATC86VXNlcnM6ZGFuaWVsYnVvbmFpdXRvOkRvd25sb2Fkczp0aGUtb2NlYW5pYy1zaW5rLWZvci1hbnRocm9wb2dlbmljLWNvMi5iaWIADgBWACoAdABoAGUALQBvAGMAZQBhAG4AaQBjAC0AcwBpAG4AawAtAGYAbwByAC0AYQBuAHQAaAByAG8AcABvAGcAZQBuAGkAYwAtAGMAbwAyAC4AYgBpAGIADwAaAAwATQBhAGMAaQBuAHQAbwBzAGgAIABIAEQAEgBKVXNlcnMvZGFuaWVsYnVvbmFpdXRvL0Rvd25sb2Fkcy90aGUtb2NlYW5pYy1zaW5rLWZvci1hbnRocm9wb2dlbmljLWNvMi5iaWIAEwABLwAAFQACABb//wAAgAbSGxwdHlokY2xhc3NuYW1lWCRjbGFzc2VzXU5TTXV0YWJsZURhdGGjHR8gVk5TRGF0YVhOU09iamVjdNIbHCIjXE5TRGljdGlvbmFyeaIiIF8QD05TS2V5ZWRBcmNoaXZlctEmJ1Ryb290gAEACAARABoAIwAtADIANwBAAEYATQBVAGAAZwBqAGwAbgBxAHMAdQB3AIQAjgDRANYA3gKsAq4CswK+AscC1QLZAuAC6QLuAvsC/gMQAxMDGAAAAAAAAAIBAAAAAAAAACgAAAAAAAAAAAAAAAAAAAMa}}

@article{Schloss_2012,
	Author = {Schloss, C. A. and Nunez, T. A. and Lawler, J. J.},
	Date-Added = {2018-07-24 15:35:40 +0000},
	Date-Modified = {2018-07-24 15:35:40 +0000},
	Doi = {10.1073/pnas.1116791109},
	Issn = {1091-6490},
	Journal = {Proceedings of the National Academy of Sciences},
	Month = {May},
	Number = {22},
	Pages = {8606--8611},
	Publisher = {Proceedings of the National Academy of Sciences},
	Title = {Dispersal will limit ability of mammals to track climate change in the Western Hemisphere},
	Url = {http://dx.doi.org/10.1073/pnas.1116791109},
	Volume = {109},
	Year = {2012},
	Bdsk-File-1 = {YnBsaXN0MDDUAQIDBAUGJCVYJHZlcnNpb25YJG9iamVjdHNZJGFyY2hpdmVyVCR0b3ASAAGGoKgHCBMUFRYaIVUkbnVsbNMJCgsMDxJXTlMua2V5c1pOUy5vYmplY3RzViRjbGFzc6INDoACgAOiEBGABIAFgAdccmVsYXRpdmVQYXRoWWFsaWFzRGF0YV8QIi4uL1BhcGVyLzEyLiBtaWdyYXRpb24tU2NobG9zcy5wZGbSFwsYGVdOUy5kYXRhTxEBwAAAAAABwAACAAAMTWFjaW50b3NoIEhEAAAAAAAAAAAAAAAAAAAAAAAAAEJEAAH/////GTEyLiBtaWdyYXRpb24tU2NobG9zcy5wZGYAAAAAAAAAAAAAAAAAAAAAAAAAAAAAAAAAAAAAAAAAAAAAAAAAAP////8AAAAAAAAAAAAAAAAAAQACAAAKIGN1AAAAAAAAAAAAAAAAAAVQYXBlcgAAAgBZLzpVc2VyczpkYW5pZWxidW9uYWl1dG86RGVza3RvcDpRVUFMSUZZZXhhbTpHbG9iYWwgQ2hhbmdlOlBhcGVyOjEyLiBtaWdyYXRpb24tU2NobG9zcy5wZGYAAA4ANAAZADEAMgAuACAAbQBpAGcAcgBhAHQAaQBvAG4ALQBTAGMAaABsAG8AcwBzAC4AcABkAGYADwAaAAwATQBhAGMAaQBuAHQAbwBzAGgAIABIAEQAEgBXVXNlcnMvZGFuaWVsYnVvbmFpdXRvL0Rlc2t0b3AvUVVBTElGWWV4YW0vR2xvYmFsIENoYW5nZS9QYXBlci8xMi4gbWlncmF0aW9uLVNjaGxvc3MucGRmAAATAAEvAAAVAAIAFv//AACABtIbHB0eWiRjbGFzc25hbWVYJGNsYXNzZXNdTlNNdXRhYmxlRGF0YaMdHyBWTlNEYXRhWE5TT2JqZWN00hscIiNcTlNEaWN0aW9uYXJ5oiIgXxAPTlNLZXllZEFyY2hpdmVy0SYnVHJvb3SAAQAIABEAGgAjAC0AMgA3AEAARgBNAFUAYABnAGoAbABuAHEAcwB1AHcAhACOALMAuADAAoQChgKLApYCnwKtArECuALBAsYC0wLWAugC6wLwAAAAAAAAAgEAAAAAAAAAKAAAAAAAAAAAAAAAAAAAAvI=},
	Bdsk-File-2 = {YnBsaXN0MDDUAQIDBAUGJCVYJHZlcnNpb25YJG9iamVjdHNZJGFyY2hpdmVyVCR0b3ASAAGGoKgHCBMUFRYaIVUkbnVsbNMJCgsMDxJXTlMua2V5c1pOUy5vYmplY3RzViRjbGFzc6INDoACgAOiEBGABIAFgAdccmVsYXRpdmVQYXRoWWFsaWFzRGF0YV8QMC4uL1BhcGVyLzI0LiBhZGFwdGF0aW9uLVNjaHdhcnR6IGV0IGFsLiAyMDEyLnBkZtIXCxgZV05TLmRhdGFPEQH4AAAAAAH4AAIAAAxNYWNpbnRvc2ggSEQAAAAAAAAAAAAAAAAAAAAAAAAAQkQAAf////8fMjQuIGFkYXB0YXRpb24tU2NoI0ZGRkZGRkZGLnBkZgAAAAAAAAAAAAAAAAAAAAAAAAAAAAAAAAAAAAAAAAAA/////wAAAAAAAAAAAAAAAAABAAIAAAogY3UAAAAAAAAAAAAAAAAABVBhcGVyAAACAGcvOlVzZXJzOmRhbmllbGJ1b25haXV0bzpEZXNrdG9wOlFVQUxJRllleGFtOkdsb2JhbCBDaGFuZ2U6UGFwZXI6MjQuIGFkYXB0YXRpb24tU2Nod2FydHogZXQgYWwuIDIwMTIucGRmAAAOAFAAJwAyADQALgAgAGEAZABhAHAAdABhAHQAaQBvAG4ALQBTAGMAaAB3AGEAcgB0AHoAIABlAHQAIABhAGwALgAgADIAMAAxADIALgBwAGQAZgAPABoADABNAGEAYwBpAG4AdABvAHMAaAAgAEgARAASAGVVc2Vycy9kYW5pZWxidW9uYWl1dG8vRGVza3RvcC9RVUFMSUZZZXhhbS9HbG9iYWwgQ2hhbmdlL1BhcGVyLzI0LiBhZGFwdGF0aW9uLVNjaHdhcnR6IGV0IGFsLiAyMDEyLnBkZgAAEwABLwAAFQACABb//wAAgAbSGxwdHlokY2xhc3NuYW1lWCRjbGFzc2VzXU5TTXV0YWJsZURhdGGjHR8gVk5TRGF0YVhOU09iamVjdNIbHCIjXE5TRGljdGlvbmFyeaIiIF8QD05TS2V5ZWRBcmNoaXZlctEmJ1Ryb290gAEACAARABoAIwAtADIANwBAAEYATQBVAGAAZwBqAGwAbgBxAHMAdQB3AIQAjgDBAMYAzgLKAswC0QLcAuUC8wL3Av4DBwMMAxkDHAMuAzEDNgAAAAAAAAIBAAAAAAAAACgAAAAAAAAAAAAAAAAAAAM4}}

@article{Korner_2006,
	Author = {K{\"o}rner, Christian},
	Date-Added = {2018-07-24 15:35:19 +0000},
	Date-Modified = {2018-07-24 15:35:26 +0000},
	Doi = {10.1111/j.1469-8137.2006.01886.x},
	Issn = {1469-8137},
	Journal = {New Phytologist},
	Month = {Nov},
	Number = {3},
	Pages = {393--411},
	Publisher = {Wiley},
	Title = {Plant CO2responses: an issue of definition, time and resource supply},
	Url = {http://dx.doi.org/10.1111/j.1469-8137.2006.01886.x},
	Volume = {172},
	Year = {2006},
	Bdsk-File-1 = {YnBsaXN0MDDUAQIDBAUGJCVYJHZlcnNpb25YJG9iamVjdHNZJGFyY2hpdmVyVCR0b3ASAAGGoKgHCBMUFRYaIVUkbnVsbNMJCgsMDxJXTlMua2V5c1pOUy5vYmplY3RzViRjbGFzc6INDoACgAOiEBGABIAFgAdccmVsYXRpdmVQYXRoWWFsaWFzRGF0YV8QIC4uL1BhcGVyLzEwLiBwaHlzLUtvcm5lcjIwMDYucGRm0hcLGBlXTlMuZGF0YU8RAbgAAAAAAbgAAgAADE1hY2ludG9zaCBIRAAAAAAAAAAAAAAAAAAAAAAAAABCRAAB/////xcxMC4gcGh5cy1Lb3JuZXIyMDA2LnBkZgAAAAAAAAAAAAAAAAAAAAAAAAAAAAAAAAAAAAAAAAAAAAAAAAAAAAD/////AAAAAAAAAAAAAAAAAAEAAgAACiBjdQAAAAAAAAAAAAAAAAAFUGFwZXIAAAIAVy86VXNlcnM6ZGFuaWVsYnVvbmFpdXRvOkRlc2t0b3A6UVVBTElGWWV4YW06R2xvYmFsIENoYW5nZTpQYXBlcjoxMC4gcGh5cy1Lb3JuZXIyMDA2LnBkZgAADgAwABcAMQAwAC4AIABwAGgAeQBzAC0ASwBvAHIAbgBlAHIAMgAwADAANgAuAHAAZABmAA8AGgAMAE0AYQBjAGkAbgB0AG8AcwBoACAASABEABIAVVVzZXJzL2RhbmllbGJ1b25haXV0by9EZXNrdG9wL1FVQUxJRllleGFtL0dsb2JhbCBDaGFuZ2UvUGFwZXIvMTAuIHBoeXMtS29ybmVyMjAwNi5wZGYAABMAAS8AABUAAgAW//8AAIAG0hscHR5aJGNsYXNzbmFtZVgkY2xhc3Nlc11OU011dGFibGVEYXRhox0fIFZOU0RhdGFYTlNPYmplY3TSGxwiI1xOU0RpY3Rpb25hcnmiIiBfEA9OU0tleWVkQXJjaGl2ZXLRJidUcm9vdIABAAgAEQAaACMALQAyADcAQABGAE0AVQBgAGcAagBsAG4AcQBzAHUAdwCEAI4AsQC2AL4CegJ8AoECjAKVAqMCpwKuArcCvALJAswC3gLhAuYAAAAAAAACAQAAAAAAAAAoAAAAAAAAAAAAAAAAAAAC6A==}}

@article{Deutsch_2008,
	Author = {Deutsch, C. A. and Tewksbury, J. J. and Huey, R. B. and Sheldon, K. S. and Ghalambor, C. K. and Haak, D. C. and Martin, P. R.},
	Date-Added = {2018-07-24 15:35:12 +0000},
	Date-Modified = {2018-07-24 15:35:12 +0000},
	Doi = {10.1073/pnas.0709472105},
	Issn = {1091-6490},
	Journal = {Proceedings of the National Academy of Sciences},
	Month = {May},
	Number = {18},
	Pages = {6668--6672},
	Publisher = {Proceedings of the National Academy of Sciences},
	Title = {Impacts of climate warming on terrestrial ectotherms across latitude},
	Url = {http://dx.doi.org/10.1073/pnas.0709472105},
	Volume = {105},
	Year = {2008},
	Bdsk-File-1 = {YnBsaXN0MDDUAQIDBAUGJCVYJHZlcnNpb25YJG9iamVjdHNZJGFyY2hpdmVyVCR0b3ASAAGGoKgHCBMUFRYaIVUkbnVsbNMJCgsMDxJXTlMua2V5c1pOUy5vYmplY3RzViRjbGFzc6INDoACgAOiEBGABIAFgAdccmVsYXRpdmVQYXRoWWFsaWFzRGF0YV8QIi4uL1BhcGVyLzkuIHN0cmVzcy1EZXV0c2NoMjAwOC5wZGbSFwsYGVdOUy5kYXRhTxEBwAAAAAABwAACAAAMTWFjaW50b3NoIEhEAAAAAAAAAAAAAAAAAAAAAAAAAEJEAAH/////GTkuIHN0cmVzcy1EZXV0c2NoMjAwOC5wZGYAAAAAAAAAAAAAAAAAAAAAAAAAAAAAAAAAAAAAAAAAAAAAAAAAAP////8AAAAAAAAAAAAAAAAAAQACAAAKIGN1AAAAAAAAAAAAAAAAAAVQYXBlcgAAAgBZLzpVc2VyczpkYW5pZWxidW9uYWl1dG86RGVza3RvcDpRVUFMSUZZZXhhbTpHbG9iYWwgQ2hhbmdlOlBhcGVyOjkuIHN0cmVzcy1EZXV0c2NoMjAwOC5wZGYAAA4ANAAZADkALgAgAHMAdAByAGUAcwBzAC0ARABlAHUAdABzAGMAaAAyADAAMAA4AC4AcABkAGYADwAaAAwATQBhAGMAaQBuAHQAbwBzAGgAIABIAEQAEgBXVXNlcnMvZGFuaWVsYnVvbmFpdXRvL0Rlc2t0b3AvUVVBTElGWWV4YW0vR2xvYmFsIENoYW5nZS9QYXBlci85LiBzdHJlc3MtRGV1dHNjaDIwMDgucGRmAAATAAEvAAAVAAIAFv//AACABtIbHB0eWiRjbGFzc25hbWVYJGNsYXNzZXNdTlNNdXRhYmxlRGF0YaMdHyBWTlNEYXRhWE5TT2JqZWN00hscIiNcTlNEaWN0aW9uYXJ5oiIgXxAPTlNLZXllZEFyY2hpdmVy0SYnVHJvb3SAAQAIABEAGgAjAC0AMgA3AEAARgBNAFUAYABnAGoAbABuAHEAcwB1AHcAhACOALMAuADAAoQChgKLApYCnwKtArECuALBAsYC0wLWAugC6wLwAAAAAAAAAgEAAAAAAAAAKAAAAAAAAAAAAAAAAAAAAvI=}}

@article{Mantyka_pringle_2011,
	Author = {Mantyka-pringle, Chrystal S. and Martin, Tara G. and Rhodes, Jonathan R.},
	Date-Added = {2018-07-24 15:35:03 +0000},
	Date-Modified = {2018-07-24 15:35:03 +0000},
	Doi = {10.1111/j.1365-2486.2011.02593.x},
	Issn = {1354-1013},
	Journal = {Global Change Biology},
	Month = {Dec},
	Number = {4},
	Pages = {1239--1252},
	Publisher = {Wiley},
	Title = {Interactions between climate and habitat loss effects on biodiversity: a systematic review and meta-analysis},
	Url = {http://dx.doi.org/10.1111/j.1365-2486.2011.02593.x},
	Volume = {18},
	Year = {2011},
	Bdsk-File-1 = {YnBsaXN0MDDUAQIDBAUGJCVYJHZlcnNpb25YJG9iamVjdHNZJGFyY2hpdmVyVCR0b3ASAAGGoKgHCBMUFRYaIVUkbnVsbNMJCgsMDxJXTlMua2V5c1pOUy5vYmplY3RzViRjbGFzc6INDoACgAOiEBGABIAFgAdccmVsYXRpdmVQYXRoWWFsaWFzRGF0YV8QTS4uL1BhcGVyLzguIEludGVyZHJpdmVycy1NYW50eWthLXByaW5nbGVfZXRfYWwtMjAxMi1HbG9iYWxfQ2hhbmdlX0Jpb2xvZ3kucGRm0hcLGBlXTlMuZGF0YU8RAmoAAAAAAmoAAgAADE1hY2ludG9zaCBIRAAAAAAAAAAAAAAAAAAAAAAAAABCRAAB/////x84LiBJbnRlcmRyaXZlcnMtTWEjRkZGRkZGRkYucGRmAAAAAAAAAAAAAAAAAAAAAAAAAAAAAAAAAAAAAAAAAAD/////AAAAAAAAAAAAAAAAAAEAAgAACiBjdQAAAAAAAAAAAAAAAAAFUGFwZXIAAAIAhC86VXNlcnM6ZGFuaWVsYnVvbmFpdXRvOkRlc2t0b3A6UVVBTElGWWV4YW06R2xvYmFsIENoYW5nZTpQYXBlcjo4LiBJbnRlcmRyaXZlcnMtTWFudHlrYS1wcmluZ2xlX2V0X2FsLTIwMTItR2xvYmFsX0NoYW5nZV9CaW9sb2d5LnBkZgAOAIoARAA4AC4AIABJAG4AdABlAHIAZAByAGkAdgBlAHIAcwAtAE0AYQBuAHQAeQBrAGEALQBwAHIAaQBuAGcAbABlAF8AZQB0AF8AYQBsAC0AMgAwADEAMgAtAEcAbABvAGIAYQBsAF8AQwBoAGEAbgBnAGUAXwBCAGkAbwBsAG8AZwB5AC4AcABkAGYADwAaAAwATQBhAGMAaQBuAHQAbwBzAGgAIABIAEQAEgCCVXNlcnMvZGFuaWVsYnVvbmFpdXRvL0Rlc2t0b3AvUVVBTElGWWV4YW0vR2xvYmFsIENoYW5nZS9QYXBlci84LiBJbnRlcmRyaXZlcnMtTWFudHlrYS1wcmluZ2xlX2V0X2FsLTIwMTItR2xvYmFsX0NoYW5nZV9CaW9sb2d5LnBkZgATAAEvAAAVAAIAFv//AACABtIbHB0eWiRjbGFzc25hbWVYJGNsYXNzZXNdTlNNdXRhYmxlRGF0YaMdHyBWTlNEYXRhWE5TT2JqZWN00hscIiNcTlNEaWN0aW9uYXJ5oiIgXxAPTlNLZXllZEFyY2hpdmVy0SYnVHJvb3SAAQAIABEAGgAjAC0AMgA3AEAARgBNAFUAYABnAGoAbABuAHEAcwB1AHcAhACOAN4A4wDrA1kDWwNgA2sDdAOCA4YDjQOWA5sDqAOrA70DwAPFAAAAAAAAAgEAAAAAAAAAKAAAAAAAAAAAAAAAAAAAA8c=}}

@article{Hof_2011,
	Author = {Hof, Christian and Ara{\'u}jo, Miguel B. and Jetz, Walter and Rahbek, Carsten},
	Date-Added = {2018-07-24 15:34:57 +0000},
	Date-Modified = {2018-07-24 15:34:57 +0000},
	Doi = {10.1038/nature10650},
	Issn = {1476-4687},
	Journal = {Nature},
	Month = {Nov},
	Number = {7378},
	Pages = {516--519},
	Publisher = {Springer Nature},
	Title = {Additive threats from pathogens, climate and land-use change for global amphibian diversity},
	Url = {http://dx.doi.org/10.1038/nature10650},
	Volume = {480},
	Year = {2011},
	Bdsk-File-1 = {YnBsaXN0MDDUAQIDBAUGJCVYJHZlcnNpb25YJG9iamVjdHNZJGFyY2hpdmVyVCR0b3ASAAGGoKgHCBMUFRYaIVUkbnVsbNMJCgsMDxJXTlMua2V5c1pOUy5vYmplY3RzViRjbGFzc6INDoACgAOiEBGABIAFgAdccmVsYXRpdmVQYXRoWWFsaWFzRGF0YV8QJS4uL1BhcGVyLzguIEludGVyZHJpdmVycy1Ib2ZmMjAxMS5wZGbSFwsYGVdOUy5kYXRhTxEBygAAAAABygACAAAMTWFjaW50b3NoIEhEAAAAAAAAAAAAAAAAAAAAAAAAAEJEAAH/////HDguIEludGVyZHJpdmVycy1Ib2ZmMjAxMS5wZGYAAAAAAAAAAAAAAAAAAAAAAAAAAAAAAAAAAAAAAAAAAAAAAP////8AAAAAAAAAAAAAAAAAAQACAAAKIGN1AAAAAAAAAAAAAAAAAAVQYXBlcgAAAgBcLzpVc2VyczpkYW5pZWxidW9uYWl1dG86RGVza3RvcDpRVUFMSUZZZXhhbTpHbG9iYWwgQ2hhbmdlOlBhcGVyOjguIEludGVyZHJpdmVycy1Ib2ZmMjAxMS5wZGYADgA6ABwAOAAuACAASQBuAHQAZQByAGQAcgBpAHYAZQByAHMALQBIAG8AZgBmADIAMAAxADEALgBwAGQAZgAPABoADABNAGEAYwBpAG4AdABvAHMAaAAgAEgARAASAFpVc2Vycy9kYW5pZWxidW9uYWl1dG8vRGVza3RvcC9RVUFMSUZZZXhhbS9HbG9iYWwgQ2hhbmdlL1BhcGVyLzguIEludGVyZHJpdmVycy1Ib2ZmMjAxMS5wZGYAEwABLwAAFQACABb//wAAgAbSGxwdHlokY2xhc3NuYW1lWCRjbGFzc2VzXU5TTXV0YWJsZURhdGGjHR8gVk5TRGF0YVhOU09iamVjdNIbHCIjXE5TRGljdGlvbmFyeaIiIF8QD05TS2V5ZWRBcmNoaXZlctEmJ1Ryb290gAEACAARABoAIwAtADIANwBAAEYATQBVAGAAZwBqAGwAbgBxAHMAdQB3AIQAjgC2ALsAwwKRApMCmAKjAqwCugK+AsUCzgLTAuAC4wL1AvgC/QAAAAAAAAIBAAAAAAAAACgAAAAAAAAAAAAAAAAAAAL/}}

@article{Naughton_Treves_2005,
	Author = {Naughton-Treves, Lisa and Holland, Margaret Buck and Brandon, Katrina},
	Date-Added = {2018-07-24 15:34:36 +0000},
	Date-Modified = {2018-07-24 15:34:36 +0000},
	Doi = {10.1146/annurev.energy.30.050504.164507},
	Issn = {1545-2050},
	Journal = {Annual Review of Environment and Resources},
	Month = {Nov},
	Number = {1},
	Pages = {219--252},
	Publisher = {Annual Reviews},
	Title = {THE ROLE OF PROTECTED AREAS IN CONSERVING BIODIVERSITY AND SUSTAINING LOCAL LIVELIHOODS},
	Url = {http://dx.doi.org/10.1146/annurev.energy.30.050504.164507},
	Volume = {30},
	Year = {2005},
	Bdsk-File-1 = {YnBsaXN0MDDUAQIDBAUGJCVYJHZlcnNpb25YJG9iamVjdHNZJGFyY2hpdmVyVCR0b3ASAAGGoKgHCBMUFRYaIVUkbnVsbNMJCgsMDxJXTlMua2V5c1pOUy5vYmplY3RzViRjbGFzc6INDoACgAOiEBGABIAFgAdccmVsYXRpdmVQYXRoWWFsaWFzRGF0YV8QLS4uL1BhcGVyLzcuIFByb3RlY3RlZC1OYXVnaHRvbi1UcmV2ZXMyMDA1LnBkZtIXCxgZV05TLmRhdGFPEQHqAAAAAAHqAAIAAAxNYWNpbnRvc2ggSEQAAAAAAAAAAAAAAAAAAAAAAAAAQkQAAf////8fNy4gUHJvdGVjdGVkLU5hdWdoI0ZGRkZGRkZGLnBkZgAAAAAAAAAAAAAAAAAAAAAAAAAAAAAAAAAAAAAAAAAA/////wAAAAAAAAAAAAAAAAABAAIAAAogY3UAAAAAAAAAAAAAAAAABVBhcGVyAAACAGQvOlVzZXJzOmRhbmllbGJ1b25haXV0bzpEZXNrdG9wOlFVQUxJRllleGFtOkdsb2JhbCBDaGFuZ2U6UGFwZXI6Ny4gUHJvdGVjdGVkLU5hdWdodG9uLVRyZXZlczIwMDUucGRmAA4ASgAkADcALgAgAFAAcgBvAHQAZQBjAHQAZQBkAC0ATgBhAHUAZwBoAHQAbwBuAC0AVAByAGUAdgBlAHMAMgAwADAANQAuAHAAZABmAA8AGgAMAE0AYQBjAGkAbgB0AG8AcwBoACAASABEABIAYlVzZXJzL2RhbmllbGJ1b25haXV0by9EZXNrdG9wL1FVQUxJRllleGFtL0dsb2JhbCBDaGFuZ2UvUGFwZXIvNy4gUHJvdGVjdGVkLU5hdWdodG9uLVRyZXZlczIwMDUucGRmABMAAS8AABUAAgAW//8AAIAG0hscHR5aJGNsYXNzbmFtZVgkY2xhc3Nlc11OU011dGFibGVEYXRhox0fIFZOU0RhdGFYTlNPYmplY3TSGxwiI1xOU0RpY3Rpb25hcnmiIiBfEA9OU0tleWVkQXJjaGl2ZXLRJidUcm9vdIABAAgAEQAaACMALQAyADcAQABGAE0AVQBgAGcAagBsAG4AcQBzAHUAdwCEAI4AvgDDAMsCuQK7AsACywLUAuIC5gLtAvYC+wMIAwsDHQMgAyUAAAAAAAACAQAAAAAAAAAoAAAAAAAAAAAAAAAAAAADJw==}}

@article{Joppa_2009,
	Author = {Joppa, Lucas N. and Pfaff, Alexander},
	Date-Added = {2018-07-24 15:34:30 +0000},
	Date-Modified = {2018-07-24 15:34:30 +0000},
	Doi = {10.1371/journal.pone.0008273},
	Editor = {Moen, JonEditor},
	Issn = {1932-6203},
	Journal = {PLoS ONE},
	Month = {Dec},
	Number = {12},
	Pages = {e8273},
	Publisher = {Public Library of Science (PLoS)},
	Title = {High and Far: Biases in the Location of Protected Areas},
	Url = {http://dx.doi.org/10.1371/journal.pone.0008273},
	Volume = {4},
	Year = {2009},
	Bdsk-File-1 = {YnBsaXN0MDDUAQIDBAUGJCVYJHZlcnNpb25YJG9iamVjdHNZJGFyY2hpdmVyVCR0b3ASAAGGoKgHCBMUFRYaIVUkbnVsbNMJCgsMDxJXTlMua2V5c1pOUy5vYmplY3RzViRjbGFzc6INDoACgAOiEBGABIAFgAdccmVsYXRpdmVQYXRoWWFsaWFzRGF0YV8QIy4uL1BhcGVyLzcuIFByb3RlY3RlZC1Kb3BwYTIwMDkucGRm0hcLGBlXTlMuZGF0YU8RAcIAAAAAAcIAAgAADE1hY2ludG9zaCBIRAAAAAAAAAAAAAAAAAAAAAAAAABCRAAB/////xo3LiBQcm90ZWN0ZWQtSm9wcGEyMDA5LnBkZgAAAAAAAAAAAAAAAAAAAAAAAAAAAAAAAAAAAAAAAAAAAAAAAAD/////AAAAAAAAAAAAAAAAAAEAAgAACiBjdQAAAAAAAAAAAAAAAAAFUGFwZXIAAAIAWi86VXNlcnM6ZGFuaWVsYnVvbmFpdXRvOkRlc2t0b3A6UVVBTElGWWV4YW06R2xvYmFsIENoYW5nZTpQYXBlcjo3LiBQcm90ZWN0ZWQtSm9wcGEyMDA5LnBkZgAOADYAGgA3AC4AIABQAHIAbwB0AGUAYwB0AGUAZAAtAEoAbwBwAHAAYQAyADAAMAA5AC4AcABkAGYADwAaAAwATQBhAGMAaQBuAHQAbwBzAGgAIABIAEQAEgBYVXNlcnMvZGFuaWVsYnVvbmFpdXRvL0Rlc2t0b3AvUVVBTElGWWV4YW0vR2xvYmFsIENoYW5nZS9QYXBlci83LiBQcm90ZWN0ZWQtSm9wcGEyMDA5LnBkZgATAAEvAAAVAAIAFv//AACABtIbHB0eWiRjbGFzc25hbWVYJGNsYXNzZXNdTlNNdXRhYmxlRGF0YaMdHyBWTlNEYXRhWE5TT2JqZWN00hscIiNcTlNEaWN0aW9uYXJ5oiIgXxAPTlNLZXllZEFyY2hpdmVy0SYnVHJvb3SAAQAIABEAGgAjAC0AMgA3AEAARgBNAFUAYABnAGoAbABuAHEAcwB1AHcAhACOALQAuQDBAocCiQKOApkCogKwArQCuwLEAskC1gLZAusC7gLzAAAAAAAAAgEAAAAAAAAAKAAAAAAAAAAAAAAAAAAAAvU=}}

@article{Seto_2010,
	Author = {Seto, Karen C. and S{\'a}nchez-Rodr{\'\i}guez, Roberto and Fragkias, Michail},
	Date-Added = {2018-07-24 15:34:19 +0000},
	Date-Modified = {2018-07-24 15:34:19 +0000},
	Doi = {10.1146/annurev-environ-100809-125336},
	Issn = {1545-2050},
	Journal = {Annual Review of Environment and Resources},
	Month = {Nov},
	Number = {1},
	Pages = {167--194},
	Publisher = {Annual Reviews},
	Title = {The New Geography of Contemporary Urbanization and the Environment},
	Url = {http://dx.doi.org/10.1146/annurev-environ-100809-125336},
	Volume = {35},
	Year = {2010},
	Bdsk-File-1 = {YnBsaXN0MDDUAQIDBAUGJCVYJHZlcnNpb25YJG9iamVjdHNZJGFyY2hpdmVyVCR0b3ASAAGGoKgHCBMUFRYaIVUkbnVsbNMJCgsMDxJXTlMua2V5c1pOUy5vYmplY3RzViRjbGFzc6INDoACgAOiEBGABIAFgAdccmVsYXRpdmVQYXRoWWFsaWFzRGF0YV8QHi4uL1BhcGVyLzYuIHVyYmFuLXNldG8yMDEwLnBkZtIXCxgZV05TLmRhdGFPEQGwAAAAAAGwAAIAAAxNYWNpbnRvc2ggSEQAAAAAAAAAAAAAAAAAAAAAAAAAQkQAAf////8VNi4gdXJiYW4tc2V0bzIwMTAucGRmAAAAAAAAAAAAAAAAAAAAAAAAAAAAAAAAAAAAAAAAAAAAAAAAAAAAAAAA/////wAAAAAAAAAAAAAAAAABAAIAAAogY3UAAAAAAAAAAAAAAAAABVBhcGVyAAACAFUvOlVzZXJzOmRhbmllbGJ1b25haXV0bzpEZXNrdG9wOlFVQUxJRllleGFtOkdsb2JhbCBDaGFuZ2U6UGFwZXI6Ni4gdXJiYW4tc2V0bzIwMTAucGRmAAAOACwAFQA2AC4AIAB1AHIAYgBhAG4ALQBzAGUAdABvADIAMAAxADAALgBwAGQAZgAPABoADABNAGEAYwBpAG4AdABvAHMAaAAgAEgARAASAFNVc2Vycy9kYW5pZWxidW9uYWl1dG8vRGVza3RvcC9RVUFMSUZZZXhhbS9HbG9iYWwgQ2hhbmdlL1BhcGVyLzYuIHVyYmFuLXNldG8yMDEwLnBkZgAAEwABLwAAFQACABb//wAAgAbSGxwdHlokY2xhc3NuYW1lWCRjbGFzc2VzXU5TTXV0YWJsZURhdGGjHR8gVk5TRGF0YVhOU09iamVjdNIbHCIjXE5TRGljdGlvbmFyeaIiIF8QD05TS2V5ZWRBcmNoaXZlctEmJ1Ryb290gAEACAARABoAIwAtADIANwBAAEYATQBVAGAAZwBqAGwAbgBxAHMAdQB3AIQAjgCvALQAvAJwAnICdwKCAosCmQKdAqQCrQKyAr8CwgLUAtcC3AAAAAAAAAIBAAAAAAAAACgAAAAAAAAAAAAAAAAAAALe}}

@article{Schneider_2009,
	Author = {Schneider, A and Friedl, M A and Potere, D},
	Date-Added = {2018-07-24 15:34:12 +0000},
	Date-Modified = {2018-07-24 15:34:12 +0000},
	Doi = {10.1088/1748-9326/4/4/044003},
	Issn = {1748-9326},
	Journal = {Environmental Research Letters},
	Month = {Oct},
	Number = {4},
	Pages = {044003},
	Publisher = {IOP Publishing},
	Title = {A new map of global urban extent from MODIS satellite data},
	Url = {http://dx.doi.org/10.1088/1748-9326/4/4/044003},
	Volume = {4},
	Year = {2009},
	Bdsk-File-1 = {YnBsaXN0MDDUAQIDBAUGJCVYJHZlcnNpb25YJG9iamVjdHNZJGFyY2hpdmVyVCR0b3ASAAGGoKgHCBMUFRYaIVUkbnVsbNMJCgsMDxJXTlMua2V5c1pOUy5vYmplY3RzViRjbGFzc6INDoACgAOiEBGABIAFgAdccmVsYXRpdmVQYXRoWWFsaWFzRGF0YV8QJC4uL1BhcGVyLzYuIFVyYmFuLVNjaGVpbmRlciAyMDA5LnBkZtIXCxgZV05TLmRhdGFPEQHIAAAAAAHIAAIAAAxNYWNpbnRvc2ggSEQAAAAAAAAAAAAAAAAAAAAAAAAAQkQAAf////8bNi4gVXJiYW4tU2NoZWluZGVyIDIwMDkucGRmAAAAAAAAAAAAAAAAAAAAAAAAAAAAAAAAAAAAAAAAAAAAAAAA/////wAAAAAAAAAAAAAAAAABAAIAAAogY3UAAAAAAAAAAAAAAAAABVBhcGVyAAACAFsvOlVzZXJzOmRhbmllbGJ1b25haXV0bzpEZXNrdG9wOlFVQUxJRllleGFtOkdsb2JhbCBDaGFuZ2U6UGFwZXI6Ni4gVXJiYW4tU2NoZWluZGVyIDIwMDkucGRmAAAOADgAGwA2AC4AIABVAHIAYgBhAG4ALQBTAGMAaABlAGkAbgBkAGUAcgAgADIAMAAwADkALgBwAGQAZgAPABoADABNAGEAYwBpAG4AdABvAHMAaAAgAEgARAASAFlVc2Vycy9kYW5pZWxidW9uYWl1dG8vRGVza3RvcC9RVUFMSUZZZXhhbS9HbG9iYWwgQ2hhbmdlL1BhcGVyLzYuIFVyYmFuLVNjaGVpbmRlciAyMDA5LnBkZgAAEwABLwAAFQACABb//wAAgAbSGxwdHlokY2xhc3NuYW1lWCRjbGFzc2VzXU5TTXV0YWJsZURhdGGjHR8gVk5TRGF0YVhOU09iamVjdNIbHCIjXE5TRGljdGlvbmFyeaIiIF8QD05TS2V5ZWRBcmNoaXZlctEmJ1Ryb290gAEACAARABoAIwAtADIANwBAAEYATQBVAGAAZwBqAGwAbgBxAHMAdQB3AIQAjgC1ALoAwgKOApAClQKgAqkCtwK7AsICywLQAt0C4ALyAvUC+gAAAAAAAAIBAAAAAAAAACgAAAAAAAAAAAAAAAAAAAL8}}

@techreport{IPCC_2014,
	Address = {Geneva, Switzerland},
	Author = {R.K. Pachauri and L.A. Meyer},
	Date-Added = {2018-07-24 15:33:54 +0000},
	Date-Modified = {2018-08-12 16:57:22 -0500},
	Institution = {IPCC},
	Organization = {IPCC},
	Title = {IPCC, 2014: Climate Change 2014: Synthesis Report. Contribution of Working Groups I, II and III to the Fifth Assessment Report of the Intergovernmental Panel on Climate Change},
	Year = {2014},
	Bdsk-File-1 = {YnBsaXN0MDDUAQIDBAUGJCVYJHZlcnNpb25YJG9iamVjdHNZJGFyY2hpdmVyVCR0b3ASAAGGoKgHCBMUFRYaIVUkbnVsbNMJCgsMDxJXTlMua2V5c1pOUy5vYmplY3RzViRjbGFzc6INDoACgAOiEBGABIAFgAdccmVsYXRpdmVQYXRoWWFsaWFzRGF0YV8QGi4uL1BhcGVyLzEuIEludHJvLUlQQ0MucGRm0hcLGBlXTlMuZGF0YU8RAaAAAAAAAaAAAgAADE1hY2ludG9zaCBIRAAAAAAAAAAAAAAAAAAAAAAAAABCRAAB/////xExLiBJbnRyby1JUENDLnBkZgAAAAAAAAAAAAAAAAAAAAAAAAAAAAAAAAAAAAAAAAAAAAAAAAAAAAAAAAAAAAD/////AAAAAAAAAAAAAAAAAAEAAgAACiBjdQAAAAAAAAAAAAAAAAAFUGFwZXIAAAIAUS86VXNlcnM6ZGFuaWVsYnVvbmFpdXRvOkRlc2t0b3A6UVVBTElGWWV4YW06R2xvYmFsIENoYW5nZTpQYXBlcjoxLiBJbnRyby1JUENDLnBkZgAADgAkABEAMQAuACAASQBuAHQAcgBvAC0ASQBQAEMAQwAuAHAAZABmAA8AGgAMAE0AYQBjAGkAbgB0AG8AcwBoACAASABEABIAT1VzZXJzL2RhbmllbGJ1b25haXV0by9EZXNrdG9wL1FVQUxJRllleGFtL0dsb2JhbCBDaGFuZ2UvUGFwZXIvMS4gSW50cm8tSVBDQy5wZGYAABMAAS8AABUAAgAW//8AAIAG0hscHR5aJGNsYXNzbmFtZVgkY2xhc3Nlc11OU011dGFibGVEYXRhox0fIFZOU0RhdGFYTlNPYmplY3TSGxwiI1xOU0RpY3Rpb25hcnmiIiBfEA9OU0tleWVkQXJjaGl2ZXLRJidUcm9vdIABAAgAEQAaACMALQAyADcAQABGAE0AVQBgAGcAagBsAG4AcQBzAHUAdwCEAI4AqwCwALgCXAJeAmMCbgJ3AoUCiQKQApkCngKrAq4CwALDAsgAAAAAAAACAQAAAAAAAAAoAAAAAAAAAAAAAAAAAAACyg==}}

@article{Dobrowski_2012,
	Author = {Dobrowski, Solomon Z. and Abatzoglou, John and Swanson, Alan K. and Greenberg, Jonathan A. and Mynsberge, Alison R. and Holden, Zachary A. and Schwartz, Michael K.},
	Date-Added = {2018-07-24 15:33:40 +0000},
	Date-Modified = {2018-07-24 15:33:40 +0000},
	Doi = {10.1111/gcb.12026},
	Issn = {1354-1013},
	Journal = {Global Change Biology},
	Month = {Oct},
	Number = {1},
	Pages = {241--251},
	Publisher = {Wiley},
	Title = {The climate velocity of the contiguous United States during the 20th century},
	Url = {http://dx.doi.org/10.1111/gcb.12026},
	Volume = {19},
	Year = {2012},
	Bdsk-File-1 = {YnBsaXN0MDDUAQIDBAUGJCVYJHZlcnNpb25YJG9iamVjdHNZJGFyY2hpdmVyVCR0b3ASAAGGoKgHCBMUFRYaIVUkbnVsbNMJCgsMDxJXTlMua2V5c1pOUy5vYmplY3RzViRjbGFzc6INDoACgAOiEBGABIAFgAdccmVsYXRpdmVQYXRoWWFsaWFzRGF0YV8QKi4uL1BhcGVyLzEuIEludHJvLURvYnJvd3NraV9ldF9hbC0yMDEzLnBkZtIXCxgZV05TLmRhdGFPEQHgAAAAAAHgAAIAAAxNYWNpbnRvc2ggSEQAAAAAAAAAAAAAAAAAAAAAAAAAQkQAAf////8fMS4gSW50cm8tRG9icm93c2tpI0ZGRkZGRkZGLnBkZgAAAAAAAAAAAAAAAAAAAAAAAAAAAAAAAAAAAAAAAAAA/////wAAAAAAAAAAAAAAAAABAAIAAAogY3UAAAAAAAAAAAAAAAAABVBhcGVyAAACAGEvOlVzZXJzOmRhbmllbGJ1b25haXV0bzpEZXNrdG9wOlFVQUxJRllleGFtOkdsb2JhbCBDaGFuZ2U6UGFwZXI6MS4gSW50cm8tRG9icm93c2tpX2V0X2FsLTIwMTMucGRmAAAOAEQAIQAxAC4AIABJAG4AdAByAG8ALQBEAG8AYgByAG8AdwBzAGsAaQBfAGUAdABfAGEAbAAtADIAMAAxADMALgBwAGQAZgAPABoADABNAGEAYwBpAG4AdABvAHMAaAAgAEgARAASAF9Vc2Vycy9kYW5pZWxidW9uYWl1dG8vRGVza3RvcC9RVUFMSUZZZXhhbS9HbG9iYWwgQ2hhbmdlL1BhcGVyLzEuIEludHJvLURvYnJvd3NraV9ldF9hbC0yMDEzLnBkZgAAEwABLwAAFQACABb//wAAgAbSGxwdHlokY2xhc3NuYW1lWCRjbGFzc2VzXU5TTXV0YWJsZURhdGGjHR8gVk5TRGF0YVhOU09iamVjdNIbHCIjXE5TRGljdGlvbmFyeaIiIF8QD05TS2V5ZWRBcmNoaXZlctEmJ1Ryb290gAEACAARABoAIwAtADIANwBAAEYATQBVAGAAZwBqAGwAbgBxAHMAdQB3AIQAjgC7AMAAyAKsAq4CswK+AscC1QLZAuAC6QLuAvsC/gMQAxMDGAAAAAAAAAIBAAAAAAAAACgAAAAAAAAAAAAAAAAAAAMa}}
