

\bibliography{..//refs/GCB_ref}
\end{document}
