%% This BibTeX bibliography file was created using BibDesk.
%% http://bibdesk.sourceforge.net/

%% Created for Daniel Buonaiuto at 2018-08-13 14:26:40 -0400 


%% Saved with string encoding Unicode (UTF-8) 



@article{Wilczek_2010,
	Abstract = {{We are now reaching the stage at which specific genetic factors with
   known physiological effects can be tied directly and quantitatively to
   variation in phenology. With such a mechanistic understanding,
   scientists can better predict phenological responses to novel seasonal
   climates. Using the widespread model species Arabidopsis thaliana, we
   explore how variation in different genetic pathways can be linked to
   phenology and life-history variation across geographical regions and
   seasons. We show that the expression of phenological traits including
   flowering depends critically on the growth season, and we outline an
   integrated life-history approach to phenology in which the timing of
   later life-history events can be contingent on the environmental cues
   regulating earlier life stages. As flowering time in many plants is
   determined by the integration of multiple environmentally sensitive gene
   pathways, the novel combinations of important seasonal cues in projected
   future climates will alter how phenology responds to variation in the
   flowering time gene network with important consequences for plant life
   history. We discuss how phenology models in other systems-both natural
   and agricultural-could employ a similar framework to explore the
   potential contribution of genetic variation to the physiological
   integration of cues determining phenology.}},
	Address = {{6-9 CARLTON HOUSE TERRACE, LONDON SW1Y 5AG, ENGLAND}},
	Affiliation = {{Wilczek, AM (Reprint Author), Brown Univ, Dept Ecol \& Evolutionary Biol, Providence, RI 02912 USA. Wilczek, A. M.; Burghardt, L. T.; Cooper, M. D.; Schmitt, J., Brown Univ, Dept Ecol \& Evolutionary Biol, Providence, RI 02912 USA. Cobb, A. R., Singapore MIT Alliance Res \& Technol, Ctr Environm Sensing \& Modeling, Singapore 117543, Singapore. Welch, S. M., Kansas State Univ, Dept Agron, Manhattan, KS 66506 USA.}},
	Author = {Wilczek, A. M. and Burghardt, L. T. and Cobb, A. R. and Cooper, M. D. and Welch, S. M. and Schmitt, J.},
	Author-Email = {{amity\_wilczek@brown.edu}},
	Da = {{2018-08-13}},
	Date-Added = {2018-08-13 14:23:37 -0400},
	Date-Modified = {2018-08-13 14:23:51 -0400},
	Doc-Delivery-Number = {{647IL}},
	Doi = {{10.1098/rstb.2010.0128}},
	Issn = {{0962-8436}},
	Journal = {{PHILOSOPHICAL TRANSACTIONS OF THE ROYAL SOCIETY B-BIOLOGICAL SCIENCES}},
	Journal-Iso = {{Philos. Trans. R. Soc. B-Biol. Sci.}},
	Keywords = {{phenology; genetic architecture; life-history evolution; seasonal timing; local adaptation}},
	Keywords-Plus = {{FLOWERING-LOCUS-C; ASPEN POPULUS-TREMULA; ARABIDOPSIS-THALIANA BRASSICACEAE; WINTER-ANNUAL HABIT; TREE SPECIES RANGE; NATURAL VARIATION; TEMPERATE CEREALS; PLANT DEVELOPMENT; SEED-GERMINATION; TIME GENE}},
	Language = {{English}},
	Month = {{OCT 12}},
	Number = {{1555}},
	Number-Of-Cited-References = {{165}},
	Oa = {{gold\_or\_bronze}},
	Orcid-Numbers = {{Cobb, Alex/0000-0002-3128-3002 Burghardt, Liana/0000-0002-0239-1071}},
	Pages = {{3129-3147}},
	Publisher = {{ROYAL SOC}},
	Research-Areas = {{Life Sciences \& Biomedicine - Other Topics}},
	Times-Cited = {{96}},
	Title = {{Genetic and physiological bases for phenological responses to current and predicted climates}},
	Type = {{Article}},
	Unique-Id = {{ISI:000281611800003}},
	Usage-Count-Last-180-Days = {{1}},
	Usage-Count-Since-2013 = {{90}},
	Volume = {{365}},
	Web-Of-Science-Categories = {{Biology}},
	Year = {{2010}},
	Bdsk-Url-1 = {https://doi.org/10.1098/rstb.2010.0128%7D}}

@article{Wainwright_2011,
	Author = {Wainwright, Claire E. and Wolkovich, Elizabeth M. and Cleland, Elsa E.},
	Date-Added = {2018-08-12 16:35:36 -0500},
	Date-Modified = {2018-08-12 16:35:36 -0500},
	Doi = {10.1111/j.1365-2664.2011.02088.x},
	Issn = {0021-8901},
	Journal = {Journal of Applied Ecology},
	Month = {Nov},
	Number = {1},
	Pages = {234--241},
	Publisher = {Wiley},
	Title = {Seasonal priority effects: implications for invasion and restoration in a semi-arid system},
	Url = {http://dx.doi.org/10.1111/j.1365-2664.2011.02088.x},
	Volume = {49},
	Year = {2011},
	Bdsk-File-1 = {YnBsaXN0MDDUAQIDBAUGJCVYJHZlcnNpb25YJG9iamVjdHNZJGFyY2hpdmVyVCR0b3ASAAGGoKgHCBMUFRYaIVUkbnVsbNMJCgsMDxJXTlMua2V5c1pOUy5vYmplY3RzViRjbGFzc6INDoACgAOiEBGABIAFgAdccmVsYXRpdmVQYXRoWWFsaWFzRGF0YV8QHy4uL1BhcGVycy83LiBXYWludHJpZ2h0MjAxMi5wZGbSFwsYGVdOUy5kYXRhTxEBqAAAAAABqAACAAAMTWFjaW50b3NoIEhEAAAAAAAAAAAAAAAAAAAAAAAAAEJEAAH/////FTcuIFdhaW50cmlnaHQyMDEyLnBkZgAAAAAAAAAAAAAAAAAAAAAAAAAAAAAAAAAAAAAAAAAAAAAAAAAAAAAAAP////8AAAAAAAAAAAAAAAAAAQACAAAKIGN1AAAAAAAAAAAAAAAAAAZQYXBlcnMAAgBRLzpVc2VyczpkYW5pZWxidW9uYWl1dG86RGVza3RvcDpRVUFMSUZZZXhhbTpUZW1wX2JpbzpQYXBlcnM6Ny4gV2FpbnRyaWdodDIwMTIucGRmAAAOACwAFQA3AC4AIABXAGEAaQBuAHQAcgBpAGcAaAB0ADIAMAAxADIALgBwAGQAZgAPABoADABNAGEAYwBpAG4AdABvAHMAaAAgAEgARAASAE9Vc2Vycy9kYW5pZWxidW9uYWl1dG8vRGVza3RvcC9RVUFMSUZZZXhhbS9UZW1wX2Jpby9QYXBlcnMvNy4gV2FpbnRyaWdodDIwMTIucGRmAAATAAEvAAAVAAIAFv//AACABtIbHB0eWiRjbGFzc25hbWVYJGNsYXNzZXNdTlNNdXRhYmxlRGF0YaMdHyBWTlNEYXRhWE5TT2JqZWN00hscIiNcTlNEaWN0aW9uYXJ5oiIgXxAPTlNLZXllZEFyY2hpdmVy0SYnVHJvb3SAAQAIABEAGgAjAC0AMgA3AEAARgBNAFUAYABnAGoAbABuAHEAcwB1AHcAhACOALAAtQC9AmkCawJwAnsChAKSApYCnQKmAqsCuAK7As0C0ALVAAAAAAAAAgEAAAAAAAAAKAAAAAAAAAAAAAAAAAAAAtc=}}

@article{Lechowicz_1984,
	Author = {Lechowicz, Martin J.},
	Booktitle = {The American Naturalist},
	C1 = {Full publication date: Dec., 1984},
	Date-Added = {2018-07-25 12:29:11 +0000},
	Date-Modified = {2018-08-12 16:20:55 -0500},
	Isbn = {00030147, 15375323},
	Number = {6},
	Pages = {821--842},
	Publisher = {{$[$}University of Chicago Press, American Society of Naturalists{$]$}},
	Title = {Why Do Temperate Deciduous Trees Leaf Out at Different Times? Adaptation and Ecology of Forest Communities},
	Ty = {JOUR},
	Url = {http://www.jstor.org/stable/2461303},
	Volume = {124},
	Year = {1984},
	Bdsk-Url-1 = {http://www.jstor.org/stable/2461303}}

@article{PETANIDOU_2014,
	Author = {Theodora Petanidou and Athanasios S. Kallimanis and Stefanos P. Sgardelis and Antonios D. Mazaris and John D. Pantis and Nickolas M. Waser},
	Date-Added = {2018-07-25 12:27:33 +0000},
	Date-Modified = {2018-08-12 16:24:35 -0500},
	Doi = {https://doi.org/10.1016/j.actao.2014.06.001},
	Issn = {1146-609X},
	Journal = {Acta Oecologica},
	Keywords = {Bees, Climate change, Flowering duration, Flowering onset, Phenology, Pollination, Specialization, Mediterranean ecosystems},
	Pages = {104 - 111},
	Title = {Variable flowering phenology and pollinator use in a community suggest future phenological mismatch},
	Url = {http://www.sciencedirect.com/science/article/pii/S1146609X14000770},
	Volume = {59},
	Year = {2014},
	Bdsk-Url-1 = {http://www.sciencedirect.com/science/article/pii/S1146609X14000770},
	Bdsk-Url-2 = {https://doi.org/10.1016/j.actao.2014.06.001}}

@article{Kudo_2013,
	Abstract = {Climate warming accelerates the timing of flowering and insect pollinator emergence, especially in spring. If these phenological shifts progress independently between species, features of plant--pollinator mutualisms may be modified. However, evidence of phenological mismatch in pollination systems is limited. We investigated the phenologies of a spring ephemeral, Corydalis ambigua, and its pollinators (bumble bees), and seed-set success over 10--14 years in three populations. Although both flowering onset and first detection of overwintered queen bees in the C. ambigua populations were closely related to snowmelt time and/or spring temperature, flowering tended to be ahead of first pollinator detection when spring came early, resulting in lower seed production owing to low pollination service. Relationships between flowering onset time, phenological mismatch, and seed-set success strongly suggest that phenological mismatch is a major limiting factor for reproduction of spring ephemerals. This report demonstrates the mechanism of phenological mismatch and its ecological impact on plant--pollinator interactions based on long-term monitoring. Frequent occurrence of mismatch can decrease seed production and may affect the population dynamics of spring ephemerals.},
	Author = {Kudo Gaku and Ida Takashi Y.},
	Date-Added = {2018-07-25 12:26:37 +0000},
	Date-Modified = {2018-07-25 12:26:56 +0000},
	Doi = {10.1890/12-2003.1},
	Eprint = {https://esajournals.onlinelibrary.wiley.com/doi/pdf/10.1890/12-2003.1},
	Journal = {Ecology},
	Keywords = {Bombus spp, bumble bee, climate change, Corydalis ambigua, flowering phenology, hibernation, Hokkaido, Japan, phenological mismatch, pollinator activity, snowmelt time, spring ephemerals},
	Number = {10},
	Pages = {2311-2320},
	Title = {Early onset of spring increases the phenological mismatch between plants and pollinators},
	Url = {https://esajournals.onlinelibrary.wiley.com/doi/abs/10.1890/12-2003.1},
	Volume = {94},
	Year = {2013},
	Bdsk-Url-1 = {https://esajournals.onlinelibrary.wiley.com/doi/abs/10.1890/12-2003.1},
	Bdsk-Url-2 = {https://dx.doi.org/10.1890/12-2003.1}}

@article{Gu_2008,
	Author = {Gu, Lianhong and Hanson, Paul J. and Post, W. Mac and Kaiser, Dale P. and Yang, Bai and Nemani, Ramakrishna and Pallardy, Stephen G. and Meyers, Tilden},
	Date-Added = {2018-07-25 12:25:31 +0000},
	Date-Modified = {2018-07-25 12:25:38 +0000},
	Doi = {10.1641/B580311},
	Eprint = {/oup/backfile/content_public/journal/bioscience/58/3/10.1641_b580311/4/58-3-253.pdf},
	Journal = {BioScience},
	Number = {3},
	Pages = {253-262},
	Title = {The 2007 Eastern US Spring Freeze: Increased Cold Damage in a Warming World?},
	Url = {http://dx.doi.org/10.1641/B580311},
	Volume = {58},
	Year = {2008},
	Bdsk-Url-1 = {http://dx.doi.org/10.1641/B580311}}

@article{ffrench-Constant_2016,
	Abstract = {The ecological impact of night-time lighting is of concern because of its well-demonstrated effects on animal behaviour. However, the potential of light pollution to change plant phenology and its corresponding knock-on effects on associated herbivores are less clear. Here, we test if artificial lighting can advance the timing of budburst in trees. We took a UK-wide 13 year dataset of spatially referenced budburst data from four deciduous tree species and matched it with both satellite imagery of night-time lighting and average spring temperature. We find that budburst occurs up to 7.5 days earlier in brighter areas, with the relationship being more pronounced for later-budding species. Excluding large urban areas from the analysis showed an even more pronounced advance of budburst, confirming that the urban `heat-island'effect is not the sole cause of earlier urban budburst. Similarly, the advance in budburst across all sites is too large to be explained by increases in temperature alone. This dramatic advance of budburst illustrates the need for further experimental investigation into the impact of artificial night-time lighting on plant phenology and subsequent species interactions. As light pollution is a growing global phenomenon, the findings of this study are likely to be applicable to a wide range of species interactions across the world.},
	An = {PMC4936040},
	Author = {ffrench-Constant, Richard H and Somers-Yeates, Robin and Bennie, Jonathan and Economou, Theodoros and Hodgson, David and Spalding, Adrian and McGregor, Peter K},
	Date = {2016/06/29},
	Date-Added = {2018-07-25 12:24:47 +0000},
	Date-Modified = {2018-08-12 16:21:44 -0500},
	Db = {PMC},
	Doi = {10.1098/rspb.2016.0813},
	Isbn = {0962-8452; 1471-2954},
	J1 = {Proc Biol Sci},
	Journal = {Proceedings of the Royal Society B: Biological Sciences},
	Month = {06},
	Number = {1833},
	Pages = {20160813},
	Publisher = {The Royal Society},
	Title = {Light pollution is associated with earlier tree budburst across the United Kingdom},
	Ty = {JOUR},
	U1 = {rspb20160813{$[$}PII{$]$}; 27358370{$[$}pmid{$]$}},
	Url = {http://www.ncbi.nlm.nih.gov/pmc/articles/PMC4936040/},
	Volume = {283},
	Year = {2016},
	Year1 = {2016/04/11/received},
	Year2 = {2016/05/27/accepted},
	Bdsk-Url-1 = {http://www.ncbi.nlm.nih.gov/pmc/articles/PMC4936040/},
	Bdsk-Url-2 = {https://dx.doi.org/10.1098/rspb.2016.0813}}

@article{Ross_1972,
	Abstract = {Capture of resources by individual seedlings during their establishment was studied in high density populations of Dactylis glomerata. Growth of each individual was most influenced by the density of previously emerged neighbours. Spatial distribution of neighbours exerted less influence and the effect of seed size was negligible. The influence of emergence time in producing a divergence of individual growth rates following emergence is illustrated. Growth rates of individuals were also found to be directly related to the third power of their mean distance from neighbours.},
	Author = {Ross, M. A. and Harper, John L.},
	Booktitle = {Journal of Ecology},
	C1 = {Full publication date: Mar., 1972},
	Date-Added = {2018-07-25 12:22:45 +0000},
	Date-Modified = {2018-08-12 16:25:19 -0500},
	Doi = {10.2307/2258041},
	Isbn = {00220477, 13652745},
	Number = {1},
	Pages = {77--88},
	Publisher = {{$[$}Wiley, British Ecological Society{$]$}},
	Title = {Occupation of Biological Space During Seedling Establishment},
	Ty = {JOUR},
	Url = {http://www.jstor.org/stable/2258041},
	Volume = {60},
	Year = {1972},
	Bdsk-Url-1 = {http://www.jstor.org/stable/2258041},
	Bdsk-Url-2 = {https://dx.doi.org/10.2307/2258041}}

@article{Da-Silva_2015,
	Author = {Da Silva, Arnaud and Valcu, Mihai and Kempenaers, Bart},
	Date = {2015/05/05},
	Date-Added = {2018-07-25 12:21:57 +0000},
	Date-Modified = {2018-08-12 16:20:23 -0500},
	Journal = {Philosophical Transactions of the Royal Society B: Biological Sciences},
	Journal1 = {Philos Trans R Soc Lond B Biol Sci},
	M3 = {10.1098/rstb.2014.0126},
	Month = {05},
	N2 = {Artificial night lighting is expanding globally, but its ecological consequences remain little understood. Animals often use changes in day length as a cue to time seasonal behaviour. Artificial night lighting may influence the perception of day length, and may thus affect both circadian and circannual rhythms. Over a 3.5 month period, from winter to breeding, we recorded daily singing activity of six common songbird species in 12 woodland sites, half of which were affected by street lighting. We previously reported on analyses suggesting that artificial night lighting affects the daily timing of singing in five species. The main aim of this study was to investigate whether the presence of artificial night lighting is also associated with the seasonal occurrence of dawn and dusk singing. We found that in four species dawn and dusk singing developed earlier in the year at sites exposed to light pollution. We also examined the effects of weather conditions and found that rain and low temperatures negatively affected the occurrence of dawn and dusk singing. Our results support the hypothesis that artificial night lighting alters natural seasonal rhythms, independently of other effects of urbanization. The fitness consequences of the observed changes in seasonal timing of behaviour remain unknown.},
	Number = {1667},
	Title = {Light pollution alters the phenology of dawn and dusk singing in common European songbirds},
	Ty = {JOUR},
	Url = {http://rstb.royalsocietypublishing.org/content/370/1667/20140126.abstract},
	Volume = {370},
	Year = {2015},
	Bdsk-Url-1 = {http://rstb.royalsocietypublishing.org/content/370/1667/20140126.abstract}}

@article{RICHARDSON_2013,
	Author = {Andrew D. Richardson and Trevor F. Keenan and Mirco Migliavacca and Youngryel Ryu and Oliver Sonnentag and Michael Toomey},
	Date-Added = {2018-07-25 12:18:35 +0000},
	Date-Modified = {2018-08-12 16:25:03 -0500},
	Doi = {https://doi.org/10.1016/j.agrformet.2012.09.012},
	Issn = {0168-1923},
	Journal = {Agricultural and Forest Meteorology},
	Keywords = {Autumn senescence, Biosphere--atmosphere interactions, Budburst, Carbon cycle, Climate change, Global warming, Models, Phenology, Seasonality, Spring onset},
	Pages = {156 - 173},
	Title = {Climate change, phenology, and phenological control of vegetation feedbacks to the climate system},
	Url = {http://www.sciencedirect.com/science/article/pii/S0168192312002869},
	Volume = {169},
	Year = {2013},
	Bdsk-Url-1 = {http://www.sciencedirect.com/science/article/pii/S0168192312002869},
	Bdsk-Url-2 = {https://doi.org/10.1016/j.agrformet.2012.09.012}}

@article{Johnsen_2005,
	Abstract = {ABSTRACT The temperature during maternal reproduction affects adaptive traits in progenies of Norway spruce (Picea abies (L) Karst.). Seed production in a cold environment advances bud set and cold acclimation in the autumn and dehardening and flushing in spring, whereas a warm reproductive environment delays timing of these traits. We repeated crosses between the same parents and produced seeds under contrasting temperatures. Elevated temperatures were applied at different time points from female meiosis to embryogenesis, followed by full-sib progeny tests in common environments. We measured timing of terminal bud formation, cold acclimation in the autumn and transcription levels of conifer phytochromes PhyO, PhyN, PhyP, and the class IV chitinase PaChi4 in these tests. No progeny differences were found that could be related to temperature differences during prezygotic stages and fertilization. In contrast, progeny performance was strongly associated with the degree-days from proembryo to mature seeds. Progenies with a warm embryonic history formed terminal buds later, were less hardy and expressed lower transcription levels of the Phy and PaChi4 genes. We hypothesize that temperature during zygotic embryogenesis and seed maturation regulates an `epigenetic memory' in the progeny, involving differential expression of genes that may regulate bud phenology, cold acclimation and embryogenesis in Norway spruce.},
	Author = {JOHNSEN {\O}YSTEIN and FOSSDAL CARL GUNNAR and NAGY NINA and M{\O}LMANN J{\O}RGEN and D{\ae}HLEN OLA GRAM and SKR{\O}PPA TORE},
	Date-Added = {2018-07-25 12:17:37 +0000},
	Date-Modified = {2018-07-25 12:18:02 +0000},
	Doi = {10.1111/j.1365-3040.2005.01356.x},
	Eprint = {https://onlinelibrary.wiley.com/doi/pdf/10.1111/j.1365-3040.2005.01356.x},
	Journal = {Plant, Cell \& Environment},
	Keywords = {Picea abies, adaptive traits, after effects, chitinases, climate change, epigenetic memory, maternal effects, phytochromes},
	Number = {9},
	Pages = {1090-1102},
	Title = {Climatic adaptation in Picea abies progenies is affected by the temperature during zygotic embryogenesis and seed maturation},
	Url = {https://onlinelibrary.wiley.com/doi/abs/10.1111/j.1365-3040.2005.01356.x},
	Volume = {28},
	Year = {2005},
	Bdsk-Url-1 = {https://onlinelibrary.wiley.com/doi/abs/10.1111/j.1365-3040.2005.01356.x},
	Bdsk-Url-2 = {https://dx.doi.org/10.1111/j.1365-3040.2005.01356.x}}

@article{Lechowicz_1995,
	Author = {Lechowicz, Martin J.},
	Date-Added = {2018-07-25 12:17:01 +0000},
	Date-Modified = {2018-08-12 16:20:40 -0500},
	Doi = {10.1139/b95-021},
	Eprint = {https://doi.org/10.1139/b95-021},
	Journal = {Canadian Journal of Botany},
	Number = {2},
	Pages = {175-182},
	Title = {Seasonality of flowering and fruiting in temperate forest trees},
	Url = {https://doi.org/10.1139/b95-021},
	Volume = {73},
	Year = {1995},
	Bdsk-Url-1 = {https://doi.org/10.1139/b95-021}}

@article{Rathcke_1985,
	Author = {Rathcke, B and Lacey, E P},
	Date-Added = {2018-07-25 12:16:14 +0000},
	Date-Modified = {2018-07-25 12:16:24 +0000},
	Doi = {10.1146/annurev.es.16.110185.001143},
	Eprint = {https://doi.org/10.1146/annurev.es.16.110185.001143},
	Journal = {Annual Review of Ecology and Systematics},
	Number = {1},
	Pages = {179-214},
	Title = {Phenological Patterns of Terrestrial Plants},
	Url = {https://doi.org/10.1146/annurev.es.16.110185.001143},
	Volume = {16},
	Year = {1985},
	Bdsk-Url-1 = {https://doi.org/10.1146/annurev.es.16.110185.001143}}

@article{Clausen_1941,
	Author = {Clausen, Jens and Keck, David D. and Hiesey, William M.},
	Date-Added = {2018-07-25 12:14:22 +0000},
	Date-Modified = {2018-07-25 12:14:32 +0000},
	Doi = {10.1086/280955},
	Eprint = {https://doi.org/10.1086/280955},
	Journal = {The American Naturalist},
	Number = {758},
	Pages = {231-250},
	Title = {Regional Differentiation in Plant Species},
	Url = {https://doi.org/10.1086/280955},
	Volume = {75},
	Year = {1941},
	Bdsk-Url-1 = {https://doi.org/10.1086/280955}}

@article{CHUINE_2000,
	Author = {Isabelle Chuine},
	Date-Added = {2018-07-25 12:12:38 +0000},
	Date-Modified = {2018-08-12 16:32:38 -0500},
	Doi = {https://doi.org/10.1006/jtbi.2000.2178},
	Issn = {0022-5193},
	Journal = {Journal of Theoretical Biology},
	Number = {3},
	Pages = {337 - 347},
	Title = {A Unified Model for Budburst of Trees},
	Url = {http://www.sciencedirect.com/science/article/pii/S0022519300921787},
	Volume = {207},
	Year = {2000},
	Bdsk-Url-1 = {http://www.sciencedirect.com/science/article/pii/S0022519300921787},
	Bdsk-Url-2 = {https://doi.org/10.1006/jtbi.2000.2178}}

@article{OLLERTON_1992,
	Abstract = {Flowering phenology has normally been viewed as fundamental to a plant species' reproductive ecology. Researchers in the field have emphasized the adaptive importance of flowering at a particular time relative to other individuals in the population, or other species in the community. An alternative view, however, is that flowering phenology is a trait that may not be under strong selection, and this may have allowed some variation to appear in populations by chance.},
	Author = {J. Ollerton and A.J. Lack},
	Date-Added = {2018-07-25 12:11:29 +0000},
	Date-Modified = {2018-07-25 12:11:39 +0000},
	Doi = {https://doi.org/10.1016/0169-5347(92)90175-B},
	Issn = {0169-5347},
	Journal = {Trends in Ecology & Evolution},
	Number = {8},
	Pages = {274 - 276},
	Title = {Flowering phenology: An example of relaxation of natural selection?},
	Url = {http://www.sciencedirect.com/science/article/pii/016953479290175B},
	Volume = {7},
	Year = {1992},
	Bdsk-Url-1 = {http://www.sciencedirect.com/science/article/pii/016953479290175B},
	Bdsk-Url-2 = {https://doi.org/10.1016/0169-5347(92)90175-B}}

@article{Yang_2010,
	Author = {Yang, Louie H. and Rudolf, V. H. W.},
	Date-Added = {2018-07-25 12:08:27 +0000},
	Date-Modified = {2018-07-25 12:08:27 +0000},
	Doi = {10.1111/j.1461-0248.2009.01402.x},
	Issn = {1461-0248},
	Journal = {Ecology Letters},
	Month = {Jan},
	Number = {1},
	Pages = {1--10},
	Publisher = {Wiley},
	Title = {Phenology, ontogeny and the effects of climate change on the timing of species interactions},
	Url = {http://dx.doi.org/10.1111/j.1461-0248.2009.01402.x},
	Volume = {13},
	Year = {2010},
	Bdsk-File-1 = {YnBsaXN0MDDUAQIDBAUGJCVYJHZlcnNpb25YJG9iamVjdHNZJGFyY2hpdmVyVCR0b3ASAAGGoKgHCBMUFRYaIVUkbnVsbNMJCgsMDxJXTlMua2V5c1pOUy5vYmplY3RzViRjbGFzc6INDoACgAOiEBGABIAFgAdccmVsYXRpdmVQYXRoWWFsaWFzRGF0YV8QJzEyLiBZYW5nX2V0X2FsLTIwMTAtRWNvbG9neV9MZXR0ZXJzLnBkZtIXCxgZV05TLmRhdGFPEQHiAAAAAAHiAAIAAAxNYWNpbnRvc2ggSEQAAAAAAAAAAAAAAAAAAAAAAAAAQkQAAf////8fMTIuIFlhbmdfZXRfYWwtMjAxI0ZGRkZGRkZGLnBkZgAAAAAAAAAAAAAAAAAAAAAAAAAAAAAAAAAAAAAAAAAA/////wAAAAAAAAAAAAAAAAABAAIAAAogY3UAAAAAAAAAAAAAAAAACFRlbXBfYmlvAAIAXC86VXNlcnM6ZGFuaWVsYnVvbmFpdXRvOkRlc2t0b3A6UVVBTElGWWV4YW06VGVtcF9iaW86MTIuIFlhbmdfZXRfYWwtMjAxMC1FY29sb2d5X0xldHRlcnMucGRmAA4AUAAnADEAMgAuACAAWQBhAG4AZwBfAGUAdABfAGEAbAAtADIAMAAxADAALQBFAGMAbwBsAG8AZwB5AF8ATABlAHQAdABlAHIAcwAuAHAAZABmAA8AGgAMAE0AYQBjAGkAbgB0AG8AcwBoACAASABEABIAWlVzZXJzL2RhbmllbGJ1b25haXV0by9EZXNrdG9wL1FVQUxJRllleGFtL1RlbXBfYmlvLzEyLiBZYW5nX2V0X2FsLTIwMTAtRWNvbG9neV9MZXR0ZXJzLnBkZgATAAEvAAAVAAIAFv//AACABtIbHB0eWiRjbGFzc25hbWVYJGNsYXNzZXNdTlNNdXRhYmxlRGF0YaMdHyBWTlNEYXRhWE5TT2JqZWN00hscIiNcTlNEaWN0aW9uYXJ5oiIgXxAPTlNLZXllZEFyY2hpdmVy0SYnVHJvb3SAAQAIABEAGgAjAC0AMgA3AEAARgBNAFUAYABnAGoAbABuAHEAcwB1AHcAhACOALgAvQDFAqsCrQKyAr0CxgLUAtgC3wLoAu0C+gL9Aw8DEgMXAAAAAAAAAgEAAAAAAAAAKAAAAAAAAAAAAAAAAAAAAxk=}}

@article{Kharouba_2015,
	Author = {Kharouba, Heather M. and Vellend, Mark and Sarfraz, Rana M. and Myers, Judith H.},
	Date-Added = {2018-07-25 12:08:13 +0000},
	Date-Modified = {2018-07-25 12:08:13 +0000},
	Doi = {10.1111/1365-2656.12328},
	Editor = {Amarasekare, PriyangaEditor},
	Issn = {0021-8790},
	Journal = {Journal of Animal Ecology},
	Month = {Jan},
	Number = {3},
	Pages = {785--796},
	Publisher = {Wiley},
	Title = {The effects of experimental warming on the timing of a plant-insect herbivore interaction},
	Url = {http://dx.doi.org/10.1111/1365-2656.12328},
	Volume = {84},
	Year = {2015},
	Bdsk-File-1 = {YnBsaXN0MDDUAQIDBAUGJCVYJHZlcnNpb25YJG9iamVjdHNZJGFyY2hpdmVyVCR0b3ASAAGGoKgHCBMUFRYaIVUkbnVsbNMJCgsMDxJXTlMua2V5c1pOUy5vYmplY3RzViRjbGFzc6INDoACgAOiEBGABIAFgAdccmVsYXRpdmVQYXRoWWFsaWFzRGF0YV8QIzEyLiBLaGFyb3ViYV9ldGFsX0pBbmltRWNvbDIwMTUucGRm0hcLGBlXTlMuZGF0YU8RAdIAAAAAAdIAAgAADE1hY2ludG9zaCBIRAAAAAAAAAAAAAAAAAAAAAAAAABCRAAB/////x8xMi4gS2hhcm91YmFfZXRhbF8jRkZGRkZGRkYucGRmAAAAAAAAAAAAAAAAAAAAAAAAAAAAAAAAAAAAAAAAAAD/////AAAAAAAAAAAAAAAAAAEAAgAACiBjdQAAAAAAAAAAAAAAAAAIVGVtcF9iaW8AAgBYLzpVc2VyczpkYW5pZWxidW9uYWl1dG86RGVza3RvcDpRVUFMSUZZZXhhbTpUZW1wX2JpbzoxMi4gS2hhcm91YmFfZXRhbF9KQW5pbUVjb2wyMDE1LnBkZgAOAEgAIwAxADIALgAgAEsAaABhAHIAbwB1AGIAYQBfAGUAdABhAGwAXwBKAEEAbgBpAG0ARQBjAG8AbAAyADAAMQA1AC4AcABkAGYADwAaAAwATQBhAGMAaQBuAHQAbwBzAGgAIABIAEQAEgBWVXNlcnMvZGFuaWVsYnVvbmFpdXRvL0Rlc2t0b3AvUVVBTElGWWV4YW0vVGVtcF9iaW8vMTIuIEtoYXJvdWJhX2V0YWxfSkFuaW1FY29sMjAxNS5wZGYAEwABLwAAFQACABb//wAAgAbSGxwdHlokY2xhc3NuYW1lWCRjbGFzc2VzXU5TTXV0YWJsZURhdGGjHR8gVk5TRGF0YVhOU09iamVjdNIbHCIjXE5TRGljdGlvbmFyeaIiIF8QD05TS2V5ZWRBcmNoaXZlctEmJ1Ryb290gAEACAARABoAIwAtADIANwBAAEYATQBVAGAAZwBqAGwAbgBxAHMAdQB3AIQAjgC0ALkAwQKXApkCngKpArICwALEAssC1ALZAuYC6QL7Av4DAwAAAAAAAAIBAAAAAAAAACgAAAAAAAAAAAAAAAAAAAMF}}

@article{Ivits_2013,
	Author = {Ivits, Eva and Horion, Stephanie and Fensholt, Rasmus and Cherlet, Michael},
	Date-Added = {2018-07-25 12:08:07 +0000},
	Date-Modified = {2018-07-25 12:08:07 +0000},
	Doi = {10.1111/gcb.12393},
	Issn = {1354-1013},
	Journal = {Global Change Biology},
	Month = {Dec},
	Number = {2},
	Pages = {581--593},
	Publisher = {Wiley},
	Title = {Drought footprint on European ecosystems between 1999 and 2010 assessed by remotely sensed vegetation phenology and productivity},
	Url = {http://dx.doi.org/10.1111/gcb.12393},
	Volume = {20},
	Year = {2013},
	Bdsk-File-1 = {YnBsaXN0MDDUAQIDBAUGJCVYJHZlcnNpb25YJG9iamVjdHNZJGFyY2hpdmVyVCR0b3ASAAGGoKgHCBMUFRYaIVUkbnVsbNMJCgsMDxJXTlMua2V5c1pOUy5vYmplY3RzViRjbGFzc6INDoACgAOiEBGABIAFgAdccmVsYXRpdmVQYXRoWWFsaWFzRGF0YV8QLjExLiBJdml0c19ldF9hbC0yMDE0LUdsb2JhbF9DaGFuZ2VfQmlvbG9neS5wZGbSFwsYGVdOUy5kYXRhTxECAAAAAAACAAACAAAMTWFjaW50b3NoIEhEAAAAAAAAAAAAAAAAAAAAAAAAAEJEAAH/////HzExLiBJdml0c19ldF9hbC0yMCNGRkZGRkZGRi5wZGYAAAAAAAAAAAAAAAAAAAAAAAAAAAAAAAAAAAAAAAAAAP////8AAAAAAAAAAAAAAAAAAQACAAAKIGN1AAAAAAAAAAAAAAAAAAhUZW1wX2JpbwACAGMvOlVzZXJzOmRhbmllbGJ1b25haXV0bzpEZXNrdG9wOlFVQUxJRllleGFtOlRlbXBfYmlvOjExLiBJdml0c19ldF9hbC0yMDE0LUdsb2JhbF9DaGFuZ2VfQmlvbG9neS5wZGYAAA4AXgAuADEAMQAuACAASQB2AGkAdABzAF8AZQB0AF8AYQBsAC0AMgAwADEANAAtAEcAbABvAGIAYQBsAF8AQwBoAGEAbgBnAGUAXwBCAGkAbwBsAG8AZwB5AC4AcABkAGYADwAaAAwATQBhAGMAaQBuAHQAbwBzAGgAIABIAEQAEgBhVXNlcnMvZGFuaWVsYnVvbmFpdXRvL0Rlc2t0b3AvUVVBTElGWWV4YW0vVGVtcF9iaW8vMTEuIEl2aXRzX2V0X2FsLTIwMTQtR2xvYmFsX0NoYW5nZV9CaW9sb2d5LnBkZgAAEwABLwAAFQACABb//wAAgAbSGxwdHlokY2xhc3NuYW1lWCRjbGFzc2VzXU5TTXV0YWJsZURhdGGjHR8gVk5TRGF0YVhOU09iamVjdNIbHCIjXE5TRGljdGlvbmFyeaIiIF8QD05TS2V5ZWRBcmNoaXZlctEmJ1Ryb290gAEACAARABoAIwAtADIANwBAAEYATQBVAGAAZwBqAGwAbgBxAHMAdQB3AIQAjgC/AMQAzALQAtIC1wLiAusC+QL9AwQDDQMSAx8DIgM0AzcDPAAAAAAAAAIBAAAAAAAAACgAAAAAAAAAAAAAAAAAAAM+}}

@article{Cui_2017,
	Author = {Cui, Tengfei and Martz, Lawrence and Guo, Xulin},
	Date-Added = {2018-07-25 12:07:57 +0000},
	Date-Modified = {2018-07-25 12:07:57 +0000},
	Doi = {10.3390/rs9121258},
	Issn = {2072-4292},
	Journal = {Remote Sensing},
	Month = {Dec},
	Number = {12},
	Pages = {1258},
	Publisher = {MDPI AG},
	Title = {Grassland Phenology Response to Drought in the Canadian Prairies},
	Url = {http://dx.doi.org/10.3390/rs9121258},
	Volume = {9},
	Year = {2017},
	Bdsk-File-1 = {YnBsaXN0MDDUAQIDBAUGJCVYJHZlcnNpb25YJG9iamVjdHNZJGFyY2hpdmVyVCR0b3ASAAGGoKgHCBMUFRYaIVUkbnVsbNMJCgsMDxJXTlMua2V5c1pOUy5vYmplY3RzViRjbGFzc6INDoACgAOiEBGABIAFgAdccmVsYXRpdmVQYXRoWWFsaWFzRGF0YV8QDzExLiBDdWkyMDE3LnBkZtIXCxgZV05TLmRhdGFPEQGCAAAAAAGCAAIAAAxNYWNpbnRvc2ggSEQAAAAAAAAAAAAAAAAAAAAAAAAAQkQAAf////8PMTEuIEN1aTIwMTcucGRmAAAAAAAAAAAAAAAAAAAAAAAAAAAAAAAAAAAAAAAAAAAAAAAAAAAAAAAAAAAAAAAA/////wAAAAAAAAAAAAAAAAABAAIAAAogY3UAAAAAAAAAAAAAAAAACFRlbXBfYmlvAAIARC86VXNlcnM6ZGFuaWVsYnVvbmFpdXRvOkRlc2t0b3A6UVVBTElGWWV4YW06VGVtcF9iaW86MTEuIEN1aTIwMTcucGRmAA4AIAAPADEAMQAuACAAQwB1AGkAMgAwADEANwAuAHAAZABmAA8AGgAMAE0AYQBjAGkAbgB0AG8AcwBoACAASABEABIAQlVzZXJzL2RhbmllbGJ1b25haXV0by9EZXNrdG9wL1FVQUxJRllleGFtL1RlbXBfYmlvLzExLiBDdWkyMDE3LnBkZgATAAEvAAAVAAIAFv//AACABtIbHB0eWiRjbGFzc25hbWVYJGNsYXNzZXNdTlNNdXRhYmxlRGF0YaMdHyBWTlNEYXRhWE5TT2JqZWN00hscIiNcTlNEaWN0aW9uYXJ5oiIgXxAPTlNLZXllZEFyY2hpdmVy0SYnVHJvb3SAAQAIABEAGgAjAC0AMgA3AEAARgBNAFUAYABnAGoAbABuAHEAcwB1AHcAhACOAKAApQCtAjMCNQI6AkUCTgJcAmACZwJwAnUCggKFApcCmgKfAAAAAAAAAgEAAAAAAAAAKAAAAAAAAAAAAAAAAAAAAqE=}}

@article{MONTAGUE_2007,
	Author = {Montague, J. L. and Barrett, S. C. H. and Eckert C. G.},
	Date-Added = {2018-07-25 12:07:52 +0000},
	Date-Modified = {2018-08-12 16:33:18 -0500},
	Doi = {10.1111/j.1420-9101.2007.01456.x},
	Issn = {1010-061X},
	Journal = {Journal of Evolutionary Biology},
	Month = {Nov},
	Number = {1},
	Pages = {234--245},
	Publisher = {Wiley},
	Title = {Re-establishment of clinal variation in flowering time among introduced populations of purple loosestrife (Lythrum salicaria , Lythraceae)},
	Url = {http://dx.doi.org/10.1111/j.1420-9101.2007.01456.x},
	Volume = {21},
	Year = {2007},
	Bdsk-File-1 = {YnBsaXN0MDDUAQIDBAUGJCVYJHZlcnNpb25YJG9iamVjdHNZJGFyY2hpdmVyVCR0b3ASAAGGoKgHCBMUFRYaIVUkbnVsbNMJCgsMDxJXTlMua2V5c1pOUy5vYmplY3RzViRjbGFzc6INDoACgAOiEBGABIAFgAdccmVsYXRpdmVQYXRoWWFsaWFzRGF0YV8QFDEwLiBNb250YWd1ZTIwMDgucGRm0hcLGBlXTlMuZGF0YU8RAZgAAAAAAZgAAgAADE1hY2ludG9zaCBIRAAAAAAAAAAAAAAAAAAAAAAAAABCRAAB/////xQxMC4gTW9udGFndWUyMDA4LnBkZgAAAAAAAAAAAAAAAAAAAAAAAAAAAAAAAAAAAAAAAAAAAAAAAAAAAAAAAAD/////AAAAAAAAAAAAAAAAAAEAAgAACiBjdQAAAAAAAAAAAAAAAAAIVGVtcF9iaW8AAgBJLzpVc2VyczpkYW5pZWxidW9uYWl1dG86RGVza3RvcDpRVUFMSUZZZXhhbTpUZW1wX2JpbzoxMC4gTW9udGFndWUyMDA4LnBkZgAADgAqABQAMQAwAC4AIABNAG8AbgB0AGEAZwB1AGUAMgAwADAAOAAuAHAAZABmAA8AGgAMAE0AYQBjAGkAbgB0AG8AcwBoACAASABEABIAR1VzZXJzL2RhbmllbGJ1b25haXV0by9EZXNrdG9wL1FVQUxJRllleGFtL1RlbXBfYmlvLzEwLiBNb250YWd1ZTIwMDgucGRmAAATAAEvAAAVAAIAFv//AACABtIbHB0eWiRjbGFzc25hbWVYJGNsYXNzZXNdTlNNdXRhYmxlRGF0YaMdHyBWTlNEYXRhWE5TT2JqZWN00hscIiNcTlNEaWN0aW9uYXJ5oiIgXxAPTlNLZXllZEFyY2hpdmVy0SYnVHJvb3SAAQAIABEAGgAjAC0AMgA3AEAARgBNAFUAYABnAGoAbABuAHEAcwB1AHcAhACOAKUAqgCyAk4CUAJVAmACaQJ3AnsCggKLApACnQKgArICtQK6AAAAAAAAAgEAAAAAAAAAKAAAAAAAAAAAAAAAAAAAArw=}}

@article{Gioria_2016,
	Author = {Gioria, Margherita and Py{\v s}ek, Petr},
	Date-Added = {2018-07-25 12:07:48 +0000},
	Date-Modified = {2018-07-25 12:07:48 +0000},
	Doi = {10.1007/s10530-016-1349-1},
	Issn = {1573-1464},
	Journal = {Biological Invasions},
	Month = {Dec},
	Number = {4},
	Pages = {1055--1080},
	Publisher = {Springer Nature},
	Title = {Early bird catches the worm: germination as a critical step in plant invasion},
	Url = {http://dx.doi.org/10.1007/s10530-016-1349-1},
	Volume = {19},
	Year = {2016},
	Bdsk-File-1 = {YnBsaXN0MDDUAQIDBAUGJCVYJHZlcnNpb25YJG9iamVjdHNZJGFyY2hpdmVyVCR0b3ASAAGGoKgHCBMUFRYaIVUkbnVsbNMJCgsMDxJXTlMua2V5c1pOUy5vYmplY3RzViRjbGFzc6INDoACgAOiEBGABIAFgAdccmVsYXRpdmVQYXRoWWFsaWFzRGF0YV8QFDEwLiBHaW9yaWEmUGlzZWsucGRm0hcLGBlXTlMuZGF0YU8RAZgAAAAAAZgAAgAADE1hY2ludG9zaCBIRAAAAAAAAAAAAAAAAAAAAAAAAABCRAAB/////xQxMC4gR2lvcmlhJlBpc2VrLnBkZgAAAAAAAAAAAAAAAAAAAAAAAAAAAAAAAAAAAAAAAAAAAAAAAAAAAAAAAAD/////AAAAAAAAAAAAAAAAAAEAAgAACiBjdQAAAAAAAAAAAAAAAAAIVGVtcF9iaW8AAgBJLzpVc2VyczpkYW5pZWxidW9uYWl1dG86RGVza3RvcDpRVUFMSUZZZXhhbTpUZW1wX2JpbzoxMC4gR2lvcmlhJlBpc2VrLnBkZgAADgAqABQAMQAwAC4AIABHAGkAbwByAGkAYQAmAFAAaQBzAGUAawAuAHAAZABmAA8AGgAMAE0AYQBjAGkAbgB0AG8AcwBoACAASABEABIAR1VzZXJzL2RhbmllbGJ1b25haXV0by9EZXNrdG9wL1FVQUxJRllleGFtL1RlbXBfYmlvLzEwLiBHaW9yaWEmUGlzZWsucGRmAAATAAEvAAAVAAIAFv//AACABtIbHB0eWiRjbGFzc25hbWVYJGNsYXNzZXNdTlNNdXRhYmxlRGF0YaMdHyBWTlNEYXRhWE5TT2JqZWN00hscIiNcTlNEaWN0aW9uYXJ5oiIgXxAPTlNLZXllZEFyY2hpdmVy0SYnVHJvb3SAAQAIABEAGgAjAC0AMgA3AEAARgBNAFUAYABnAGoAbABuAHEAcwB1AHcAhACOAKUAqgCyAk4CUAJVAmACaQJ3AnsCggKLApACnQKgArICtQK6AAAAAAAAAgEAAAAAAAAAKAAAAAAAAAAAAAAAAAAAArw=}}

@article{Franks_2007,
	Author = {Franks, S. J. and Sim, S. and Weis, A. E.},
	Date-Added = {2018-07-25 12:07:40 +0000},
	Date-Modified = {2018-07-25 12:07:40 +0000},
	Doi = {10.1073/pnas.0608379104},
	Issn = {1091-6490},
	Journal = {Proceedings of the National Academy of Sciences},
	Month = {Jan},
	Number = {4},
	Pages = {1278--1282},
	Publisher = {Proceedings of the National Academy of Sciences},
	Title = {Rapid evolution of flowering time by an annual plant in response to a climate fluctuation},
	Url = {http://dx.doi.org/10.1073/pnas.0608379104},
	Volume = {104},
	Year = {2007},
	Bdsk-File-1 = {YnBsaXN0MDDUAQIDBAUGJCVYJHZlcnNpb25YJG9iamVjdHNZJGFyY2hpdmVyVCR0b3ASAAGGoKgHCBMUFRYaIVUkbnVsbNMJCgsMDxJXTlMua2V5c1pOUy5vYmplY3RzViRjbGFzc6INDoACgAOiEBGABIAFgAdccmVsYXRpdmVQYXRoWWFsaWFzRGF0YV4xMC4gRnJhbmtzLnBkZtIXCxgZV05TLmRhdGFPEQGAAAAAAAGAAAIAAAxNYWNpbnRvc2ggSEQAAAAAAAAAAAAAAAAAAAAAAAAAQkQAAf////8OMTAuIEZyYW5rcy5wZGYAAAAAAAAAAAAAAAAAAAAAAAAAAAAAAAAAAAAAAAAAAAAAAAAAAAAAAAAAAAAAAAAA/////wAAAAAAAAAAAAAAAAABAAIAAAogY3UAAAAAAAAAAAAAAAAACFRlbXBfYmlvAAIAQy86VXNlcnM6ZGFuaWVsYnVvbmFpdXRvOkRlc2t0b3A6UVVBTElGWWV4YW06VGVtcF9iaW86MTAuIEZyYW5rcy5wZGYAAA4AHgAOADEAMAAuACAARgByAGEAbgBrAHMALgBwAGQAZgAPABoADABNAGEAYwBpAG4AdABvAHMAaAAgAEgARAASAEFVc2Vycy9kYW5pZWxidW9uYWl1dG8vRGVza3RvcC9RVUFMSUZZZXhhbS9UZW1wX2Jpby8xMC4gRnJhbmtzLnBkZgAAEwABLwAAFQACABb//wAAgAbSGxwdHlokY2xhc3NuYW1lWCRjbGFzc2VzXU5TTXV0YWJsZURhdGGjHR8gVk5TRGF0YVhOU09iamVjdNIbHCIjXE5TRGljdGlvbmFyeaIiIF8QD05TS2V5ZWRBcmNoaXZlctEmJ1Ryb290gAEACAARABoAIwAtADIANwBAAEYATQBVAGAAZwBqAGwAbgBxAHMAdQB3AIQAjgCdAKIAqgIuAjACNQJAAkkCVwJbAmICawJwAn0CgAKSApUCmgAAAAAAAAIBAAAAAAAAACgAAAAAAAAAAAAAAAAAAAKc}}

@article{Wolkovich_2013,
	Author = {Wolkovich, E. M. and Davies, T. J. and Schaefer, H. and Cleland, E. E. and Cook, B. I. and Travers, S. E. and Willis, C. G. and Davis, C. C.},
	Date-Added = {2018-07-25 12:07:34 +0000},
	Date-Modified = {2018-07-25 12:07:34 +0000},
	Doi = {10.3732/ajb.1200478},
	Issn = {1537-2197},
	Journal = {American Journal of Botany},
	Month = {Jun},
	Number = {7},
	Pages = {1407--1421},
	Publisher = {Wiley},
	Title = {Temperature-dependent shifts in phenology contribute to the success of exotic species with climate change},
	Url = {http://dx.doi.org/10.3732/ajb.1200478},
	Volume = {100},
	Year = {2013},
	Bdsk-File-1 = {YnBsaXN0MDDUAQIDBAUGJCVYJHZlcnNpb25YJG9iamVjdHNZJGFyY2hpdmVyVCR0b3ASAAGGoKgHCBMUFRYaIVUkbnVsbNMJCgsMDxJXTlMua2V5c1pOUy5vYmplY3RzViRjbGFzc6INDoACgAOiEBGABIAFgAdccmVsYXRpdmVQYXRoWWFsaWFzRGF0YV8QHjEwLCBXb2xrb3ZpY2hfZXRhbF8yMDEzQUpCLnBkZtIXCxgZV05TLmRhdGFPEQHAAAAAAAHAAAIAAAxNYWNpbnRvc2ggSEQAAAAAAAAAAAAAAAAAAAAAAAAAQkQAAf////8eMTAsIFdvbGtvdmljaF9ldGFsXzIwMTNBSkIucGRmAAAAAAAAAAAAAAAAAAAAAAAAAAAAAAAAAAAAAAAAAAAA/////wAAAAAAAAAAAAAAAAABAAIAAAogY3UAAAAAAAAAAAAAAAAACFRlbXBfYmlvAAIAUy86VXNlcnM6ZGFuaWVsYnVvbmFpdXRvOkRlc2t0b3A6UVVBTElGWWV4YW06VGVtcF9iaW86MTAsIFdvbGtvdmljaF9ldGFsXzIwMTNBSkIucGRmAAAOAD4AHgAxADAALAAgAFcAbwBsAGsAbwB2AGkAYwBoAF8AZQB0AGEAbABfADIAMAAxADMAQQBKAEIALgBwAGQAZgAPABoADABNAGEAYwBpAG4AdABvAHMAaAAgAEgARAASAFFVc2Vycy9kYW5pZWxidW9uYWl1dG8vRGVza3RvcC9RVUFMSUZZZXhhbS9UZW1wX2Jpby8xMCwgV29sa292aWNoX2V0YWxfMjAxM0FKQi5wZGYAABMAAS8AABUAAgAW//8AAIAG0hscHR5aJGNsYXNzbmFtZVgkY2xhc3Nlc11OU011dGFibGVEYXRhox0fIFZOU0RhdGFYTlNPYmplY3TSGxwiI1xOU0RpY3Rpb25hcnmiIiBfEA9OU0tleWVkQXJjaGl2ZXLRJidUcm9vdIABAAgAEQAaACMALQAyADcAQABGAE0AVQBgAGcAagBsAG4AcQBzAHUAdwCEAI4ArwC0ALwCgAKCAocCkgKbAqkCrQK0Ar0CwgLPAtIC5ALnAuwAAAAAAAACAQAAAAAAAAAoAAAAAAAAAAAAAAAAAAAC7g==}}

@article{MENZEL_2006,
	Author = {MENZEL, ANNETTE and SPARKS, TIM H. and ESTRELLA, NICOLE and KOCH, ELISABETH and AASA, ANTO and AHAS, REIN and ALM-K{\"U}BLER, KERSTIN and BISSOLLI, PETER and BRASLAVSK{\'A}, OL'GA and BRIEDE, AGRITA and et al.},
	Date-Added = {2018-07-25 12:07:29 +0000},
	Date-Modified = {2018-07-25 12:07:29 +0000},
	Doi = {10.1111/j.1365-2486.2006.01193.x},
	Issn = {1365-2486},
	Journal = {Global Change Biology},
	Month = {Oct},
	Number = {10},
	Pages = {1969--1976},
	Publisher = {Wiley},
	Title = {European phenological response to climate change matches the warming pattern},
	Url = {http://dx.doi.org/10.1111/j.1365-2486.2006.01193.x},
	Volume = {12},
	Year = {2006},
	Bdsk-File-1 = {YnBsaXN0MDDUAQIDBAUGJCVYJHZlcnNpb25YJG9iamVjdHNZJGFyY2hpdmVyVCR0b3ASAAGGoKgHCBMUFRYaIVUkbnVsbNMJCgsMDxJXTlMua2V5c1pOUy5vYmplY3RzViRjbGFzc6INDoACgAOiEBGABIAFgAdccmVsYXRpdmVQYXRoWWFsaWFzRGF0YV8QLjkuIE1FTlpFTF9ldF9hbC0yMDA2LUdsb2JhbF9DaGFuZ2VfQmlvbG9neS5wZGbSFwsYGVdOUy5kYXRhTxECAAAAAAACAAACAAAMTWFjaW50b3NoIEhEAAAAAAAAAAAAAAAAAAAAAAAAAEJEAAH/////HzkuIE1FTlpFTF9ldF9hbC0yMCNGRkZGRkZGRi5wZGYAAAAAAAAAAAAAAAAAAAAAAAAAAAAAAAAAAAAAAAAAAP////8AAAAAAAAAAAAAAAAAAQACAAAKIGN1AAAAAAAAAAAAAAAAAAhUZW1wX2JpbwACAGMvOlVzZXJzOmRhbmllbGJ1b25haXV0bzpEZXNrdG9wOlFVQUxJRllleGFtOlRlbXBfYmlvOjkuIE1FTlpFTF9ldF9hbC0yMDA2LUdsb2JhbF9DaGFuZ2VfQmlvbG9neS5wZGYAAA4AXgAuADkALgAgAE0ARQBOAFoARQBMAF8AZQB0AF8AYQBsAC0AMgAwADAANgAtAEcAbABvAGIAYQBsAF8AQwBoAGEAbgBnAGUAXwBCAGkAbwBsAG8AZwB5AC4AcABkAGYADwAaAAwATQBhAGMAaQBuAHQAbwBzAGgAIABIAEQAEgBhVXNlcnMvZGFuaWVsYnVvbmFpdXRvL0Rlc2t0b3AvUVVBTElGWWV4YW0vVGVtcF9iaW8vOS4gTUVOWkVMX2V0X2FsLTIwMDYtR2xvYmFsX0NoYW5nZV9CaW9sb2d5LnBkZgAAEwABLwAAFQACABb//wAAgAbSGxwdHlokY2xhc3NuYW1lWCRjbGFzc2VzXU5TTXV0YWJsZURhdGGjHR8gVk5TRGF0YVhOU09iamVjdNIbHCIjXE5TRGljdGlvbmFyeaIiIF8QD05TS2V5ZWRBcmNoaXZlctEmJ1Ryb290gAEACAARABoAIwAtADIANwBAAEYATQBVAGAAZwBqAGwAbgBxAHMAdQB3AIQAjgC/AMQAzALQAtIC1wLiAusC+QL9AwQDDQMSAx8DIgM0AzcDPAAAAAAAAAIBAAAAAAAAACgAAAAAAAAAAAAAAAAAAAM+}}

@article{Fu_2015,
	Author = {Fu, Yongshuo H. and Zhao, Hongfang and Piao, Shilong and Peaucelle, Marc and Peng, Shushi and Zhou, Guiyun and Ciais, Philippe and Huang, Mengtian and Menzel, Annette and Pe{\~n}uelas, Josep and et al.},
	Date-Added = {2018-07-25 12:07:23 +0000},
	Date-Modified = {2018-07-25 12:07:23 +0000},
	Doi = {10.1038/nature15402},
	Issn = {1476-4687},
	Journal = {Nature},
	Month = {Sep},
	Number = {7571},
	Pages = {104--107},
	Publisher = {Springer Nature},
	Title = {Declining global warming effects on the phenology of spring leaf unfolding},
	Url = {http://dx.doi.org/10.1038/nature15402},
	Volume = {526},
	Year = {2015},
	Bdsk-File-1 = {YnBsaXN0MDDUAQIDBAUGJCVYJHZlcnNpb25YJG9iamVjdHNZJGFyY2hpdmVyVCR0b3ASAAGGoKgHCBMUFRYaIVUkbnVsbNMJCgsMDxJXTlMua2V5c1pOUy5vYmplY3RzViRjbGFzc6INDoACgAOiEBGABIAFgAdccmVsYXRpdmVQYXRoWWFsaWFzRGF0YV05LiBGdTIwMTUucGRm0hcLGBlXTlMuZGF0YU8RAXoAAAAAAXoAAgAADE1hY2ludG9zaCBIRAAAAAAAAAAAAAAAAAAAAAAAAABCRAAB/////w05LiBGdTIwMTUucGRmAAAAAAAAAAAAAAAAAAAAAAAAAAAAAAAAAAAAAAAAAAAAAAAAAAAAAAAAAAAAAAAAAAD/////AAAAAAAAAAAAAAAAAAEAAgAACiBjdQAAAAAAAAAAAAAAAAAIVGVtcF9iaW8AAgBCLzpVc2VyczpkYW5pZWxidW9uYWl1dG86RGVza3RvcDpRVUFMSUZZZXhhbTpUZW1wX2Jpbzo5LiBGdTIwMTUucGRmAA4AHAANADkALgAgAEYAdQAyADAAMQA1AC4AcABkAGYADwAaAAwATQBhAGMAaQBuAHQAbwBzAGgAIABIAEQAEgBAVXNlcnMvZGFuaWVsYnVvbmFpdXRvL0Rlc2t0b3AvUVVBTElGWWV4YW0vVGVtcF9iaW8vOS4gRnUyMDE1LnBkZgATAAEvAAAVAAIAFv//AACABtIbHB0eWiRjbGFzc25hbWVYJGNsYXNzZXNdTlNNdXRhYmxlRGF0YaMdHyBWTlNEYXRhWE5TT2JqZWN00hscIiNcTlNEaWN0aW9uYXJ5oiIgXxAPTlNLZXllZEFyY2hpdmVy0SYnVHJvb3SAAQAIABEAGgAjAC0AMgA3AEAARgBNAFUAYABnAGoAbABuAHEAcwB1AHcAhACOAJwAoQCpAicCKQIuAjkCQgJQAlQCWwJkAmkCdgJ5AosCjgKTAAAAAAAAAgEAAAAAAAAAKAAAAAAAAAAAAAAAAAAAApU=}}

@article{Taylor_2017,
	Author = {Taylor, Rebecca S. and Friesen, Vicki L.},
	Date-Added = {2018-07-25 12:07:11 +0000},
	Date-Modified = {2018-07-25 12:07:11 +0000},
	Doi = {10.1111/mec.14126},
	Issn = {0962-1083},
	Journal = {Molecular Ecology},
	Month = {May},
	Number = {13},
	Pages = {3330--3342},
	Publisher = {Wiley},
	Title = {The role of allochrony in speciation},
	Url = {http://dx.doi.org/10.1111/mec.14126},
	Volume = {26},
	Year = {2017},
	Bdsk-File-1 = {YnBsaXN0MDDUAQIDBAUGJCVYJHZlcnNpb25YJG9iamVjdHNZJGFyY2hpdmVyVCR0b3ASAAGGoKgHCBMUFRYaIVUkbnVsbNMJCgsMDxJXTlMua2V5c1pOUy5vYmplY3RzViRjbGFzc6INDoACgAOiEBGABIAFgAdccmVsYXRpdmVQYXRoWWFsaWFzRGF0YV8QKjguIFRheWxvcl9ldF9hbC0yMDE3LU1vbGVjdWxhcl9FY29sb2d5LnBkZtIXCxgZV05TLmRhdGFPEQHwAAAAAAHwAAIAAAxNYWNpbnRvc2ggSEQAAAAAAAAAAAAAAAAAAAAAAAAAQkQAAf////8fOC4gVGF5bG9yX2V0X2FsLTIwI0ZGRkZGRkZGLnBkZgAAAAAAAAAAAAAAAAAAAAAAAAAAAAAAAAAAAAAAAAAA/////wAAAAAAAAAAAAAAAAABAAIAAAogY3UAAAAAAAAAAAAAAAAACFRlbXBfYmlvAAIAXy86VXNlcnM6ZGFuaWVsYnVvbmFpdXRvOkRlc2t0b3A6UVVBTElGWWV4YW06VGVtcF9iaW86OC4gVGF5bG9yX2V0X2FsLTIwMTctTW9sZWN1bGFyX0Vjb2xvZ3kucGRmAAAOAFYAKgA4AC4AIABUAGEAeQBsAG8AcgBfAGUAdABfAGEAbAAtADIAMAAxADcALQBNAG8AbABlAGMAdQBsAGEAcgBfAEUAYwBvAGwAbwBnAHkALgBwAGQAZgAPABoADABNAGEAYwBpAG4AdABvAHMAaAAgAEgARAASAF1Vc2Vycy9kYW5pZWxidW9uYWl1dG8vRGVza3RvcC9RVUFMSUZZZXhhbS9UZW1wX2Jpby84LiBUYXlsb3JfZXRfYWwtMjAxNy1Nb2xlY3VsYXJfRWNvbG9neS5wZGYAABMAAS8AABUAAgAW//8AAIAG0hscHR5aJGNsYXNzbmFtZVgkY2xhc3Nlc11OU011dGFibGVEYXRhox0fIFZOU0RhdGFYTlNPYmplY3TSGxwiI1xOU0RpY3Rpb25hcnmiIiBfEA9OU0tleWVkQXJjaGl2ZXLRJidUcm9vdIABAAgAEQAaACMALQAyADcAQABGAE0AVQBgAGcAagBsAG4AcQBzAHUAdwCEAI4AuwDAAMgCvAK+AsMCzgLXAuUC6QLwAvkC/gMLAw4DIAMjAygAAAAAAAACAQAAAAAAAAAoAAAAAAAAAAAAAAAAAAADKg==}}

@article{Rubin_2018,
	Author = {Rubin, Matthew J. and Friedman, Jannice},
	Date-Added = {2018-07-25 12:07:05 +0000},
	Date-Modified = {2018-07-25 12:07:05 +0000},
	Doi = {10.1002/ajb2.1055},
	Issn = {0002-9122},
	Journal = {American Journal of Botany},
	Month = {Apr},
	Number = {4},
	Pages = {749--759},
	Publisher = {Wiley},
	Title = {The role of cold cues at different life stages on germination and flowering phenology},
	Url = {http://dx.doi.org/10.1002/ajb2.1055},
	Volume = {105},
	Year = {2018},
	Bdsk-File-1 = {YnBsaXN0MDDUAQIDBAUGJCVYJHZlcnNpb25YJG9iamVjdHNZJGFyY2hpdmVyVCR0b3ASAAGGoKgHCBMUFRYaIVUkbnVsbNMJCgsMDxJXTlMua2V5c1pOUy5vYmplY3RzViRjbGFzc6INDoACgAOiEBGABIAFgAdccmVsYXRpdmVQYXRoWWFsaWFzRGF0YV8QMjguIFJ1YmluX2V0X2FsLTIwMTgtQW1lcmljYW5fSm91cm5hbF9vZl9Cb3RhbnkucGRm0hcLGBlXTlMuZGF0YU8RAhAAAAAAAhAAAgAADE1hY2ludG9zaCBIRAAAAAAAAAAAAAAAAAAAAAAAAABCRAAB/////x84LiBSdWJpbl9ldF9hbC0yMDEjRkZGRkZGRkYucGRmAAAAAAAAAAAAAAAAAAAAAAAAAAAAAAAAAAAAAAAAAAD/////AAAAAAAAAAAAAAAAAAEAAgAACiBjdQAAAAAAAAAAAAAAAAAIVGVtcF9iaW8AAgBnLzpVc2VyczpkYW5pZWxidW9uYWl1dG86RGVza3RvcDpRVUFMSUZZZXhhbTpUZW1wX2Jpbzo4LiBSdWJpbl9ldF9hbC0yMDE4LUFtZXJpY2FuX0pvdXJuYWxfb2ZfQm90YW55LnBkZgAADgBmADIAOAAuACAAUgB1AGIAaQBuAF8AZQB0AF8AYQBsAC0AMgAwADEAOAAtAEEAbQBlAHIAaQBjAGEAbgBfAEoAbwB1AHIAbgBhAGwAXwBvAGYAXwBCAG8AdABhAG4AeQAuAHAAZABmAA8AGgAMAE0AYQBjAGkAbgB0AG8AcwBoACAASABEABIAZVVzZXJzL2RhbmllbGJ1b25haXV0by9EZXNrdG9wL1FVQUxJRllleGFtL1RlbXBfYmlvLzguIFJ1YmluX2V0X2FsLTIwMTgtQW1lcmljYW5fSm91cm5hbF9vZl9Cb3RhbnkucGRmAAATAAEvAAAVAAIAFv//AACABtIbHB0eWiRjbGFzc25hbWVYJGNsYXNzZXNdTlNNdXRhYmxlRGF0YaMdHyBWTlNEYXRhWE5TT2JqZWN00hscIiNcTlNEaWN0aW9uYXJ5oiIgXxAPTlNLZXllZEFyY2hpdmVy0SYnVHJvb3SAAQAIABEAGgAjAC0AMgA3AEAARgBNAFUAYABnAGoAbABuAHEAcwB1AHcAhACOAMMAyADQAuQC5gLrAvYC/wMNAxEDGAMhAyYDMwM2A0gDSwNQAAAAAAAAAgEAAAAAAAAAKAAAAAAAAAAAAAAAAAAAA1I=}}

@article{Hipperson_2016,
	Author = {Hipperson, H. and Dunning, L. T. and Baker, W. J. and Butlin, R. K. and Hutton, I. and Papadopulos, A. S. T. and Smadja, C. M. and Wilson, T. C. and Devaux, C. and Savolainen, V.},
	Date-Added = {2018-07-25 12:07:01 +0000},
	Date-Modified = {2018-07-25 12:07:01 +0000},
	Doi = {10.1111/jeb.12933},
	Issn = {1010-061X},
	Journal = {Journal of Evolutionary Biology},
	Month = {Jul},
	Number = {11},
	Pages = {2143--2156},
	Publisher = {Wiley},
	Title = {Ecological speciation in sympatric palms: 2. Pre- and post-zygotic isolation},
	Url = {http://dx.doi.org/10.1111/jeb.12933},
	Volume = {29},
	Year = {2016},
	Bdsk-File-1 = {YnBsaXN0MDDUAQIDBAUGJCVYJHZlcnNpb25YJG9iamVjdHNZJGFyY2hpdmVyVCR0b3ASAAGGoKgHCBMUFRYaIVUkbnVsbNMJCgsMDxJXTlMua2V5c1pOUy5vYmplY3RzViRjbGFzc6INDoACgAOiEBGABIAFgAdccmVsYXRpdmVQYXRoWWFsaWFzRGF0YV8QOzguIEhpcHBlcnNvbl9ldF9hbC0yMDE2LUpvdXJuYWxfb2ZfRXZvbHV0aW9uYXJ5X0Jpb2xvZ3kucGRm0hcLGBlXTlMuZGF0YU8RAjIAAAAAAjIAAgAADE1hY2ludG9zaCBIRAAAAAAAAAAAAAAAAAAAAAAAAABCRAAB/////x84LiBIaXBwZXJzb25fZXRfYWwjRkZGRkZGRkYucGRmAAAAAAAAAAAAAAAAAAAAAAAAAAAAAAAAAAAAAAAAAAD/////AAAAAAAAAAAAAAAAAAEAAgAACiBjdQAAAAAAAAAAAAAAAAAIVGVtcF9iaW8AAgBwLzpVc2VyczpkYW5pZWxidW9uYWl1dG86RGVza3RvcDpRVUFMSUZZZXhhbTpUZW1wX2Jpbzo4LiBIaXBwZXJzb25fZXRfYWwtMjAxNi1Kb3VybmFsX29mX0V2b2x1dGlvbmFyeV9CaW9sb2d5LnBkZgAOAHgAOwA4AC4AIABIAGkAcABwAGUAcgBzAG8AbgBfAGUAdABfAGEAbAAtADIAMAAxADYALQBKAG8AdQByAG4AYQBsAF8AbwBmAF8ARQB2AG8AbAB1AHQAaQBvAG4AYQByAHkAXwBCAGkAbwBsAG8AZwB5AC4AcABkAGYADwAaAAwATQBhAGMAaQBuAHQAbwBzAGgAIABIAEQAEgBuVXNlcnMvZGFuaWVsYnVvbmFpdXRvL0Rlc2t0b3AvUVVBTElGWWV4YW0vVGVtcF9iaW8vOC4gSGlwcGVyc29uX2V0X2FsLTIwMTYtSm91cm5hbF9vZl9Fdm9sdXRpb25hcnlfQmlvbG9neS5wZGYAEwABLwAAFQACABb//wAAgAbSGxwdHlokY2xhc3NuYW1lWCRjbGFzc2VzXU5TTXV0YWJsZURhdGGjHR8gVk5TRGF0YVhOU09iamVjdNIbHCIjXE5TRGljdGlvbmFyeaIiIF8QD05TS2V5ZWRBcmNoaXZlctEmJ1Ryb290gAEACAARABoAIwAtADIANwBAAEYATQBVAGAAZwBqAGwAbgBxAHMAdQB3AIQAjgDMANEA2QMPAxEDFgMhAyoDOAM8A0MDTANRA14DYQNzA3YDewAAAAAAAAIBAAAAAAAAACgAAAAAAAAAAAAAAAAAAAN9}}

@article{Burghardt_2015,
	Author = {Burghardt, Liana T. and Metcalf, C. Jessica E. and Wilczek, Amity M. and Schmitt, Johanna and Donohue, Kathleen},
	Date-Added = {2018-07-25 12:06:56 +0000},
	Date-Modified = {2018-07-25 12:06:56 +0000},
	Doi = {10.1086/679439},
	Issn = {1537-5323},
	Journal = {The American Naturalist},
	Month = {Feb},
	Number = {2},
	Pages = {212--227},
	Publisher = {University of Chicago Press},
	Title = {Modeling the Influence of Genetic and Environmental Variation on the Expression of Plant Life Cycles across Landscapes},
	Url = {http://dx.doi.org/10.1086/679439},
	Volume = {185},
	Year = {2015},
	Bdsk-File-1 = {YnBsaXN0MDDUAQIDBAUGJCVYJHZlcnNpb25YJG9iamVjdHNZJGFyY2hpdmVyVCR0b3ASAAGGoKgHCBMUFRYaIVUkbnVsbNMJCgsMDxJXTlMua2V5c1pOUy5vYmplY3RzViRjbGFzc6INDoACgAOiEBGABIAFgAdccmVsYXRpdmVQYXRoWWFsaWFzRGF0YV8QFDguIEJ1cmdoYXJkdDIwMTUucGRm0hcLGBlXTlMuZGF0YU8RAZgAAAAAAZgAAgAADE1hY2ludG9zaCBIRAAAAAAAAAAAAAAAAAAAAAAAAABCRAAB/////xQ4LiBCdXJnaGFyZHQyMDE1LnBkZgAAAAAAAAAAAAAAAAAAAAAAAAAAAAAAAAAAAAAAAAAAAAAAAAAAAAAAAAD/////AAAAAAAAAAAAAAAAAAEAAgAACiBjdQAAAAAAAAAAAAAAAAAIVGVtcF9iaW8AAgBJLzpVc2VyczpkYW5pZWxidW9uYWl1dG86RGVza3RvcDpRVUFMSUZZZXhhbTpUZW1wX2Jpbzo4LiBCdXJnaGFyZHQyMDE1LnBkZgAADgAqABQAOAAuACAAQgB1AHIAZwBoAGEAcgBkAHQAMgAwADEANQAuAHAAZABmAA8AGgAMAE0AYQBjAGkAbgB0AG8AcwBoACAASABEABIAR1VzZXJzL2RhbmllbGJ1b25haXV0by9EZXNrdG9wL1FVQUxJRllleGFtL1RlbXBfYmlvLzguIEJ1cmdoYXJkdDIwMTUucGRmAAATAAEvAAAVAAIAFv//AACABtIbHB0eWiRjbGFzc25hbWVYJGNsYXNzZXNdTlNNdXRhYmxlRGF0YaMdHyBWTlNEYXRhWE5TT2JqZWN00hscIiNcTlNEaWN0aW9uYXJ5oiIgXxAPTlNLZXllZEFyY2hpdmVy0SYnVHJvb3SAAQAIABEAGgAjAC0AMgA3AEAARgBNAFUAYABnAGoAbABuAHEAcwB1AHcAhACOAKUAqgCyAk4CUAJVAmACaQJ3AnsCggKLApACnQKgArICtQK6AAAAAAAAAgEAAAAAAAAAKAAAAAAAAAAAAAAAAAAAArw=}}

@article{Fargione_2005,
	Author = {Fargione, Joseph and Tilman, David},
	Date-Added = {2018-07-25 12:06:46 +0000},
	Date-Modified = {2018-07-25 12:06:46 +0000},
	Doi = {10.1007/s00442-005-0010-y},
	Issn = {1432-1939},
	Journal = {Oecologia},
	Month = {Mar},
	Number = {4},
	Pages = {598--606},
	Publisher = {Springer Nature},
	Title = {Niche differences in phenology and rooting depth promote coexistence with a dominant C4 bunchgrass},
	Url = {http://dx.doi.org/10.1007/s00442-005-0010-y},
	Volume = {143},
	Year = {2005},
	Bdsk-File-1 = {YnBsaXN0MDDUAQIDBAUGJCVYJHZlcnNpb25YJG9iamVjdHNZJGFyY2hpdmVyVCR0b3ASAAGGoKgHCBMUFRYaIVUkbnVsbNMJCgsMDxJXTlMua2V5c1pOUy5vYmplY3RzViRjbGFzc6INDoACgAOiEBGABIAFgAdccmVsYXRpdmVQYXRoWWFsaWFzRGF0YV8QEzcuIEZhcmdpb25lMjAwNS5wZGbSFwsYGVdOUy5kYXRhTxEBkgAAAAABkgACAAAMTWFjaW50b3NoIEhEAAAAAAAAAAAAAAAAAAAAAAAAAEJEAAH/////EzcuIEZhcmdpb25lMjAwNS5wZGYAAAAAAAAAAAAAAAAAAAAAAAAAAAAAAAAAAAAAAAAAAAAAAAAAAAAAAAAAAP////8AAAAAAAAAAAAAAAAAAQACAAAKIGN1AAAAAAAAAAAAAAAAAAhUZW1wX2JpbwACAEgvOlVzZXJzOmRhbmllbGJ1b25haXV0bzpEZXNrdG9wOlFVQUxJRllleGFtOlRlbXBfYmlvOjcuIEZhcmdpb25lMjAwNS5wZGYADgAoABMANwAuACAARgBhAHIAZwBpAG8AbgBlADIAMAAwADUALgBwAGQAZgAPABoADABNAGEAYwBpAG4AdABvAHMAaAAgAEgARAASAEZVc2Vycy9kYW5pZWxidW9uYWl1dG8vRGVza3RvcC9RVUFMSUZZZXhhbS9UZW1wX2Jpby83LiBGYXJnaW9uZTIwMDUucGRmABMAAS8AABUAAgAW//8AAIAG0hscHR5aJGNsYXNzbmFtZVgkY2xhc3Nlc11OU011dGFibGVEYXRhox0fIFZOU0RhdGFYTlNPYmplY3TSGxwiI1xOU0RpY3Rpb25hcnmiIiBfEA9OU0tleWVkQXJjaGl2ZXLRJidUcm9vdIABAAgAEQAaACMALQAyADcAQABGAE0AVQBgAGcAagBsAG4AcQBzAHUAdwCEAI4ApACpALECRwJJAk4CWQJiAnACdAJ7AoQCiQKWApkCqwKuArMAAAAAAAACAQAAAAAAAAAoAAAAAAAAAAAAAAAAAAACtQ==}}

@article{McKown_2012,
	Author = {McKown, Athena D. and Guy, Robert D. and Azam, M. Shofiul and Drewes, Eric C. and Quamme, Linda K.},
	Date-Added = {2018-07-25 12:06:36 +0000},
	Date-Modified = {2018-07-25 12:06:36 +0000},
	Doi = {10.1007/s00442-012-2531-5},
	Issn = {1432-1939},
	Journal = {Oecologia},
	Month = {Dec},
	Number = {3},
	Pages = {653--665},
	Publisher = {Springer Nature},
	Title = {Seasonality and phenology alter functional leaf traits},
	Url = {http://dx.doi.org/10.1007/s00442-012-2531-5},
	Volume = {172},
	Year = {2012},
	Bdsk-File-1 = {YnBsaXN0MDDUAQIDBAUGJCVYJHZlcnNpb25YJG9iamVjdHNZJGFyY2hpdmVyVCR0b3ASAAGGoKgHCBMUFRYaIVUkbnVsbNMJCgsMDxJXTlMua2V5c1pOUy5vYmplY3RzViRjbGFzc6INDoACgAOiEBGABIAFgAdccmVsYXRpdmVQYXRoWWFsaWFzRGF0YV02LiBNQ2tvd24ucGRm0hcLGBlXTlMuZGF0YU8RAXoAAAAAAXoAAgAADE1hY2ludG9zaCBIRAAAAAAAAAAAAAAAAAAAAAAAAABCRAAB/////w02LiBNQ2tvd24ucGRmAAAAAAAAAAAAAAAAAAAAAAAAAAAAAAAAAAAAAAAAAAAAAAAAAAAAAAAAAAAAAAAAAAD/////AAAAAAAAAAAAAAAAAAEAAgAACiBjdQAAAAAAAAAAAAAAAAAIVGVtcF9iaW8AAgBCLzpVc2VyczpkYW5pZWxidW9uYWl1dG86RGVza3RvcDpRVUFMSUZZZXhhbTpUZW1wX2Jpbzo2LiBNQ2tvd24ucGRmAA4AHAANADYALgAgAE0AQwBrAG8AdwBuAC4AcABkAGYADwAaAAwATQBhAGMAaQBuAHQAbwBzAGgAIABIAEQAEgBAVXNlcnMvZGFuaWVsYnVvbmFpdXRvL0Rlc2t0b3AvUVVBTElGWWV4YW0vVGVtcF9iaW8vNi4gTUNrb3duLnBkZgATAAEvAAAVAAIAFv//AACABtIbHB0eWiRjbGFzc25hbWVYJGNsYXNzZXNdTlNNdXRhYmxlRGF0YaMdHyBWTlNEYXRhWE5TT2JqZWN00hscIiNcTlNEaWN0aW9uYXJ5oiIgXxAPTlNLZXllZEFyY2hpdmVy0SYnVHJvb3SAAQAIABEAGgAjAC0AMgA3AEAARgBNAFUAYABnAGoAbABuAHEAcwB1AHcAhACOAJwAoQCpAicCKQIuAjkCQgJQAlQCWwJkAmkCdgJ5AosCjgKTAAAAAAAAAgEAAAAAAAAAKAAAAAAAAAAAAAAAAAAAApU=}}

@article{Gougherty_2018,
	Author = {Gougherty, Andrew V. and Gougherty, Steven W.},
	Date-Added = {2018-07-25 12:06:22 +0000},
	Date-Modified = {2018-07-25 12:06:22 +0000},
	Doi = {10.1111/nph.15270},
	Issn = {0028-646X},
	Journal = {New Phytologist},
	Month = {Jun},
	Publisher = {Wiley},
	Title = {Sequence of flower and leaf emergence in deciduous trees is linked to ecological traits, phylogenetics, and climate},
	Url = {http://dx.doi.org/10.1111/nph.15270},
	Year = {2018},
	Bdsk-File-1 = {YnBsaXN0MDDUAQIDBAUGJCVYJHZlcnNpb25YJG9iamVjdHNZJGFyY2hpdmVyVCR0b3ASAAGGoKgHCBMUFRYaIVUkbnVsbNMJCgsMDxJXTlMua2V5c1pOUy5vYmplY3RzViRjbGFzc6INDoACgAOiEBGABIAFgAdccmVsYXRpdmVQYXRoWWFsaWFzRGF0YV8QFDUuIEdvdWdoZXJ0eTIwMTgucGRm0hcLGBlXTlMuZGF0YU8RAZgAAAAAAZgAAgAADE1hY2ludG9zaCBIRAAAAAAAAAAAAAAAAAAAAAAAAABCRAAB/////xQ1LiBHb3VnaGVydHkyMDE4LnBkZgAAAAAAAAAAAAAAAAAAAAAAAAAAAAAAAAAAAAAAAAAAAAAAAAAAAAAAAAD/////AAAAAAAAAAAAAAAAAAEAAgAACiBjdQAAAAAAAAAAAAAAAAAIVGVtcF9iaW8AAgBJLzpVc2VyczpkYW5pZWxidW9uYWl1dG86RGVza3RvcDpRVUFMSUZZZXhhbTpUZW1wX2Jpbzo1LiBHb3VnaGVydHkyMDE4LnBkZgAADgAqABQANQAuACAARwBvAHUAZwBoAGUAcgB0AHkAMgAwADEAOAAuAHAAZABmAA8AGgAMAE0AYQBjAGkAbgB0AG8AcwBoACAASABEABIAR1VzZXJzL2RhbmllbGJ1b25haXV0by9EZXNrdG9wL1FVQUxJRllleGFtL1RlbXBfYmlvLzUuIEdvdWdoZXJ0eTIwMTgucGRmAAATAAEvAAAVAAIAFv//AACABtIbHB0eWiRjbGFzc25hbWVYJGNsYXNzZXNdTlNNdXRhYmxlRGF0YaMdHyBWTlNEYXRhWE5TT2JqZWN00hscIiNcTlNEaWN0aW9uYXJ5oiIgXxAPTlNLZXllZEFyY2hpdmVy0SYnVHJvb3SAAQAIABEAGgAjAC0AMgA3AEAARgBNAFUAYABnAGoAbABuAHEAcwB1AHcAhACOAKUAqgCyAk4CUAJVAmACaQJ3AnsCggKLApACnQKgArICtQK6AAAAAAAAAgEAAAAAAAAAKAAAAAAAAAAAAAAAAAAAArw=}}

@article{Auge_2017,
	Author = {Auge, Gabriela A. and Blair, Logan K. and Neville, Hannah and Donohue, Kathleen},
	Date-Added = {2018-07-25 12:06:18 +0000},
	Date-Modified = {2018-07-25 12:06:18 +0000},
	Doi = {10.1111/nph.14520},
	Issn = {0028-646X},
	Journal = {New Phytologist},
	Month = {Mar},
	Number = {2},
	Pages = {388--400},
	Publisher = {Wiley},
	Title = {Maternal vernalization and vernalization-pathway genes influence progeny seed germination},
	Url = {http://dx.doi.org/10.1111/nph.14520},
	Volume = {216},
	Year = {2017},
	Bdsk-File-1 = {YnBsaXN0MDDUAQIDBAUGJCVYJHZlcnNpb25YJG9iamVjdHNZJGFyY2hpdmVyVCR0b3ASAAGGoKgHCBMUFRYaIVUkbnVsbNMJCgsMDxJXTlMua2V5c1pOUy5vYmplY3RzViRjbGFzc6INDoACgAOiEBGABIAFgAdccmVsYXRpdmVQYXRoWWFsaWFzRGF0YV8QJjUuIEF1Z2VfZXRfYWwtMjAxNy1OZXdfUGh5dG9sb2dpc3QucGRm0hcLGBlXTlMuZGF0YU8RAeAAAAAAAeAAAgAADE1hY2ludG9zaCBIRAAAAAAAAAAAAAAAAAAAAAAAAABCRAAB/////x81LiBBdWdlX2V0X2FsLTIwMTcjRkZGRkZGRkYucGRmAAAAAAAAAAAAAAAAAAAAAAAAAAAAAAAAAAAAAAAAAAD/////AAAAAAAAAAAAAAAAAAEAAgAACiBjdQAAAAAAAAAAAAAAAAAIVGVtcF9iaW8AAgBbLzpVc2VyczpkYW5pZWxidW9uYWl1dG86RGVza3RvcDpRVUFMSUZZZXhhbTpUZW1wX2Jpbzo1LiBBdWdlX2V0X2FsLTIwMTctTmV3X1BoeXRvbG9naXN0LnBkZgAADgBOACYANQAuACAAQQB1AGcAZQBfAGUAdABfAGEAbAAtADIAMAAxADcALQBOAGUAdwBfAFAAaAB5AHQAbwBsAG8AZwBpAHMAdAAuAHAAZABmAA8AGgAMAE0AYQBjAGkAbgB0AG8AcwBoACAASABEABIAWVVzZXJzL2RhbmllbGJ1b25haXV0by9EZXNrdG9wL1FVQUxJRllleGFtL1RlbXBfYmlvLzUuIEF1Z2VfZXRfYWwtMjAxNy1OZXdfUGh5dG9sb2dpc3QucGRmAAATAAEvAAAVAAIAFv//AACABtIbHB0eWiRjbGFzc25hbWVYJGNsYXNzZXNdTlNNdXRhYmxlRGF0YaMdHyBWTlNEYXRhWE5TT2JqZWN00hscIiNcTlNEaWN0aW9uYXJ5oiIgXxAPTlNLZXllZEFyY2hpdmVy0SYnVHJvb3SAAQAIABEAGgAjAC0AMgA3AEAARgBNAFUAYABnAGoAbABuAHEAcwB1AHcAhACOALcAvADEAqgCqgKvAroCwwLRAtUC3ALlAuoC9wL6AwwDDwMUAAAAAAAAAgEAAAAAAAAAKAAAAAAAAAAAAAAAAAAAAxY=}}

@article{Vitasse_2009,
	Author = {Vitasse, Yann and Delzon, Sylvain and Bresson, Caroline C. and Michalet, Richard and Kremer, Antoine},
	Date-Added = {2018-07-25 12:06:11 +0000},
	Date-Modified = {2018-07-25 12:06:11 +0000},
	Doi = {10.1139/x09-054},
	Issn = {1208-6037},
	Journal = {Canadian Journal of Forest Research},
	Month = {Jul},
	Number = {7},
	Pages = {1259--1269},
	Publisher = {Canadian Science Publishing},
	Title = {Altitudinal differentiation in growth and phenology among populations of temperate-zone tree species growing in a common garden},
	Url = {http://dx.doi.org/10.1139/X09-054},
	Volume = {39},
	Year = {2009},
	Bdsk-File-1 = {YnBsaXN0MDDUAQIDBAUGJCVYJHZlcnNpb25YJG9iamVjdHNZJGFyY2hpdmVyVCR0b3ASAAGGoKgHCBMUFRYaIVUkbnVsbNMJCgsMDxJXTlMua2V5c1pOUy5vYmplY3RzViRjbGFzc6INDoACgAOiEBGABIAFgAdccmVsYXRpdmVQYXRoWWFsaWFzRGF0YV8QHzQuIFZpdGFzc2UtZXQtYWwuLTIwMDktQ0pGUi5wZGbSFwsYGVdOUy5kYXRhTxEBwgAAAAABwgACAAAMTWFjaW50b3NoIEhEAAAAAAAAAAAAAAAAAAAAAAAAAEJEAAH/////HzQuIFZpdGFzc2UtZXQtYWwuLTIwMDktQ0pGUi5wZGYAAAAAAAAAAAAAAAAAAAAAAAAAAAAAAAAAAAAAAAAAAP////8AAAAAAAAAAAAAAAAAAQACAAAKIGN1AAAAAAAAAAAAAAAAAAhUZW1wX2JpbwACAFQvOlVzZXJzOmRhbmllbGJ1b25haXV0bzpEZXNrdG9wOlFVQUxJRllleGFtOlRlbXBfYmlvOjQuIFZpdGFzc2UtZXQtYWwuLTIwMDktQ0pGUi5wZGYADgBAAB8ANAAuACAAVgBpAHQAYQBzAHMAZQAtAGUAdAAtAGEAbAAuAC0AMgAwADAAOQAtAEMASgBGAFIALgBwAGQAZgAPABoADABNAGEAYwBpAG4AdABvAHMAaAAgAEgARAASAFJVc2Vycy9kYW5pZWxidW9uYWl1dG8vRGVza3RvcC9RVUFMSUZZZXhhbS9UZW1wX2Jpby80LiBWaXRhc3NlLWV0LWFsLi0yMDA5LUNKRlIucGRmABMAAS8AABUAAgAW//8AAIAG0hscHR5aJGNsYXNzbmFtZVgkY2xhc3Nlc11OU011dGFibGVEYXRhox0fIFZOU0RhdGFYTlNPYmplY3TSGxwiI1xOU0RpY3Rpb25hcnmiIiBfEA9OU0tleWVkQXJjaGl2ZXLRJidUcm9vdIABAAgAEQAaACMALQAyADcAQABGAE0AVQBgAGcAagBsAG4AcQBzAHUAdwCEAI4AsAC1AL0CgwKFAooClQKeAqwCsAK3AsACxQLSAtUC5wLqAu8AAAAAAAACAQAAAAAAAAAoAAAAAAAAAAAAAAAAAAAC8Q==}}

@article{Liepe_2016,
	Author = {Liepe, Katharina J. and Hamann, Andreas and Smets, Pia and Fitzpatrick, Connor R. and Aitken, Sally N.},
	Date-Added = {2018-07-25 12:06:07 +0000},
	Date-Modified = {2018-07-25 12:06:07 +0000},
	Doi = {10.1111/eva.12345},
	Issn = {1752-4571},
	Journal = {Evolutionary Applications},
	Month = {Jan},
	Number = {2},
	Pages = {409--419},
	Publisher = {Wiley},
	Title = {Adaptation of lodgepole pine and interior spruce to climate: implications for reforestation in a warming world},
	Url = {http://dx.doi.org/10.1111/eva.12345},
	Volume = {9},
	Year = {2016},
	Bdsk-File-1 = {YnBsaXN0MDDUAQIDBAUGJCVYJHZlcnNpb25YJG9iamVjdHNZJGFyY2hpdmVyVCR0b3ASAAGGoKgHCBMUFRYaIVUkbnVsbNMJCgsMDxJXTlMua2V5c1pOUy5vYmplY3RzViRjbGFzc6INDoACgAOiEBGABIAFgAdccmVsYXRpdmVQYXRoWWFsaWFzRGF0YV8QMTQuIExpZXBlX2V0X2FsLTIwMTYtRXZvbHV0aW9uYXJ5X0FwcGxpY2F0aW9ucy5wZGbSFwsYGVdOUy5kYXRhTxECCgAAAAACCgACAAAMTWFjaW50b3NoIEhEAAAAAAAAAAAAAAAAAAAAAAAAAEJEAAH/////HzQuIExpZXBlX2V0X2FsLTIwMSNGRkZGRkZGRi5wZGYAAAAAAAAAAAAAAAAAAAAAAAAAAAAAAAAAAAAAAAAAAP////8AAAAAAAAAAAAAAAAAAQACAAAKIGN1AAAAAAAAAAAAAAAAAAhUZW1wX2JpbwACAGYvOlVzZXJzOmRhbmllbGJ1b25haXV0bzpEZXNrdG9wOlFVQUxJRllleGFtOlRlbXBfYmlvOjQuIExpZXBlX2V0X2FsLTIwMTYtRXZvbHV0aW9uYXJ5X0FwcGxpY2F0aW9ucy5wZGYADgBkADEANAAuACAATABpAGUAcABlAF8AZQB0AF8AYQBsAC0AMgAwADEANgAtAEUAdgBvAGwAdQB0AGkAbwBuAGEAcgB5AF8AQQBwAHAAbABpAGMAYQB0AGkAbwBuAHMALgBwAGQAZgAPABoADABNAGEAYwBpAG4AdABvAHMAaAAgAEgARAASAGRVc2Vycy9kYW5pZWxidW9uYWl1dG8vRGVza3RvcC9RVUFMSUZZZXhhbS9UZW1wX2Jpby80LiBMaWVwZV9ldF9hbC0yMDE2LUV2b2x1dGlvbmFyeV9BcHBsaWNhdGlvbnMucGRmABMAAS8AABUAAgAW//8AAIAG0hscHR5aJGNsYXNzbmFtZVgkY2xhc3Nlc11OU011dGFibGVEYXRhox0fIFZOU0RhdGFYTlNPYmplY3TSGxwiI1xOU0RpY3Rpb25hcnmiIiBfEA9OU0tleWVkQXJjaGl2ZXLRJidUcm9vdIABAAgAEQAaACMALQAyADcAQABGAE0AVQBgAGcAagBsAG4AcQBzAHUAdwCEAI4AwgDHAM8C3QLfAuQC7wL4AwYDCgMRAxoDHwMsAy8DQQNEA0kAAAAAAAACAQAAAAAAAAAoAAAAAAAAAAAAAAAAAAADSw==}}

@article{Visser_2010,
	Author = {Visser, M. E. and Caro, S. P. and van Oers, K. and Schaper, S. V. and Helm, B.},
	Date-Added = {2018-07-25 12:05:55 +0000},
	Date-Modified = {2018-07-25 12:05:55 +0000},
	Doi = {10.1098/rstb.2010.0111},
	Issn = {1471-2970},
	Journal = {Philosophical Transactions of the Royal Society B: Biological Sciences},
	Month = {Sep},
	Number = {1555},
	Pages = {3113--3127},
	Publisher = {The Royal Society},
	Title = {Phenology, seasonal timing and circannual rhythms: towards a unified framework},
	Url = {http://dx.doi.org/10.1098/rstb.2010.0111},
	Volume = {365},
	Year = {2010},
	Bdsk-File-1 = {YnBsaXN0MDDUAQIDBAUGJCVYJHZlcnNpb25YJG9iamVjdHNZJGFyY2hpdmVyVCR0b3ASAAGGoKgHCBMUFRYaIVUkbnVsbNMJCgsMDxJXTlMua2V5c1pOUy5vYmplY3RzViRjbGFzc6INDoACgAOiEBGABIAFgAdccmVsYXRpdmVQYXRoWWFsaWFzRGF0YV0zLiBWaXNzZXIucGRm0hcLGBlXTlMuZGF0YU8RAXoAAAAAAXoAAgAADE1hY2ludG9zaCBIRAAAAAAAAAAAAAAAAAAAAAAAAABCRAAB/////w0zLiBWaXNzZXIucGRmAAAAAAAAAAAAAAAAAAAAAAAAAAAAAAAAAAAAAAAAAAAAAAAAAAAAAAAAAAAAAAAAAAD/////AAAAAAAAAAAAAAAAAAEAAgAACiBjdQAAAAAAAAAAAAAAAAAIVGVtcF9iaW8AAgBCLzpVc2VyczpkYW5pZWxidW9uYWl1dG86RGVza3RvcDpRVUFMSUZZZXhhbTpUZW1wX2JpbzozLiBWaXNzZXIucGRmAA4AHAANADMALgAgAFYAaQBzAHMAZQByAC4AcABkAGYADwAaAAwATQBhAGMAaQBuAHQAbwBzAGgAIABIAEQAEgBAVXNlcnMvZGFuaWVsYnVvbmFpdXRvL0Rlc2t0b3AvUVVBTElGWWV4YW0vVGVtcF9iaW8vMy4gVmlzc2VyLnBkZgATAAEvAAAVAAIAFv//AACABtIbHB0eWiRjbGFzc25hbWVYJGNsYXNzZXNdTlNNdXRhYmxlRGF0YaMdHyBWTlNEYXRhWE5TT2JqZWN00hscIiNcTlNEaWN0aW9uYXJ5oiIgXxAPTlNLZXllZEFyY2hpdmVy0SYnVHJvb3SAAQAIABEAGgAjAC0AMgA3AEAARgBNAFUAYABnAGoAbABuAHEAcwB1AHcAhACOAJwAoQCpAicCKQIuAjkCQgJQAlQCWwJkAmkCdgJ5AosCjgKTAAAAAAAAAgEAAAAAAAAAKAAAAAAAAAAAAAAAAAAAApU=}}

@article{Bernier_2005,
	Author = {Bernier, Georges and P{\'e}rilleux, Claire},
	Date-Added = {2018-07-25 12:05:51 +0000},
	Date-Modified = {2018-07-25 12:05:51 +0000},
	Doi = {10.1111/j.1467-7652.2004.00114.x},
	Issn = {1467-7652},
	Journal = {Plant Biotechnology Journal},
	Month = {Jan},
	Number = {1},
	Pages = {3--16},
	Publisher = {Wiley},
	Title = {A physiological overview of the genetics of flowering time control},
	Url = {http://dx.doi.org/10.1111/j.1467-7652.2004.00114.x},
	Volume = {3},
	Year = {2005},
	Bdsk-File-1 = {YnBsaXN0MDDUAQIDBAUGJCVYJHZlcnNpb25YJG9iamVjdHNZJGFyY2hpdmVyVCR0b3ASAAGGoKgHCBMUFRYaIVUkbnVsbNMJCgsMDxJXTlMua2V5c1pOUy5vYmplY3RzViRjbGFzc6INDoACgAOiEBGABIAFgAdccmVsYXRpdmVQYXRoWWFsaWFzRGF0YV8QNTMuIEJlcm5pZXJfZXRfYWwtMjAwNS1QbGFudF9CaW90ZWNobm9sb2d5X0pvdXJuYWwucGRm0hcLGBlXTlMuZGF0YU8RAhoAAAAAAhoAAgAADE1hY2ludG9zaCBIRAAAAAAAAAAAAAAAAAAAAAAAAABCRAAB/////x8zLiBCZXJuaWVyX2V0X2FsLTIjRkZGRkZGRkYucGRmAAAAAAAAAAAAAAAAAAAAAAAAAAAAAAAAAAAAAAAAAAD/////AAAAAAAAAAAAAAAAAAEAAgAACiBjdQAAAAAAAAAAAAAAAAAIVGVtcF9iaW8AAgBqLzpVc2VyczpkYW5pZWxidW9uYWl1dG86RGVza3RvcDpRVUFMSUZZZXhhbTpUZW1wX2JpbzozLiBCZXJuaWVyX2V0X2FsLTIwMDUtUGxhbnRfQmlvdGVjaG5vbG9neV9Kb3VybmFsLnBkZgAOAGwANQAzAC4AIABCAGUAcgBuAGkAZQByAF8AZQB0AF8AYQBsAC0AMgAwADAANQAtAFAAbABhAG4AdABfAEIAaQBvAHQAZQBjAGgAbgBvAGwAbwBnAHkAXwBKAG8AdQByAG4AYQBsAC4AcABkAGYADwAaAAwATQBhAGMAaQBuAHQAbwBzAGgAIABIAEQAEgBoVXNlcnMvZGFuaWVsYnVvbmFpdXRvL0Rlc2t0b3AvUVVBTElGWWV4YW0vVGVtcF9iaW8vMy4gQmVybmllcl9ldF9hbC0yMDA1LVBsYW50X0Jpb3RlY2hub2xvZ3lfSm91cm5hbC5wZGYAEwABLwAAFQACABb//wAAgAbSGxwdHlokY2xhc3NuYW1lWCRjbGFzc2VzXU5TTXV0YWJsZURhdGGjHR8gVk5TRGF0YVhOU09iamVjdNIbHCIjXE5TRGljdGlvbmFyeaIiIF8QD05TS2V5ZWRBcmNoaXZlctEmJ1Ryb290gAEACAARABoAIwAtADIANwBAAEYATQBVAGAAZwBqAGwAbgBxAHMAdQB3AIQAjgDGAMsA0wLxAvMC+AMDAwwDGgMeAyUDLgMzA0ADQwNVA1gDXQAAAAAAAAIBAAAAAAAAACgAAAAAAAAAAAAAAAAAAANf}}

@article{Fu_2014,
	Author = {Fu, Yang and Zhang, Haicheng and Dong, Wenjie and Yuan, Wenping},
	Date-Added = {2018-07-25 12:05:43 +0000},
	Date-Modified = {2018-07-25 12:05:43 +0000},
	Doi = {10.1371/journal.pone.0109544},
	Editor = {Bond-Lamberty, BenEditor},
	Issn = {1932-6203},
	Journal = {PLoS ONE},
	Month = {Oct},
	Number = {10},
	Pages = {e109544},
	Publisher = {Public Library of Science (PLoS)},
	Title = {Comparison of Phenology Models for Predicting the Onset of Growing Season over the Northern Hemisphere},
	Url = {http://dx.doi.org/10.1371/journal.pone.0109544},
	Volume = {9},
	Year = {2014},
	Bdsk-File-1 = {YnBsaXN0MDDUAQIDBAUGJCVYJHZlcnNpb25YJG9iamVjdHNZJGFyY2hpdmVyVCR0b3ASAAGGoKgHCBMUFRYaIVUkbnVsbNMJCgsMDxJXTlMua2V5c1pOUy5vYmplY3RzViRjbGFzc6INDoACgAOiEBGABIAFgAdccmVsYXRpdmVQYXRoWWFsaWFzRGF0YVkyLiBGVS5wZGbSFwsYGVdOUy5kYXRhTxEBagAAAAABagACAAAMTWFjaW50b3NoIEhEAAAAAAAAAAAAAAAAAAAAAAAAAEJEAAH/////CTIuIEZVLnBkZgAAAAAAAAAAAAAAAAAAAAAAAAAAAAAAAAAAAAAAAAAAAAAAAAAAAAAAAAAAAAAAAAAAAAAAAP////8AAAAAAAAAAAAAAAAAAQACAAAKIGN1AAAAAAAAAAAAAAAAAAhUZW1wX2JpbwACAD4vOlVzZXJzOmRhbmllbGJ1b25haXV0bzpEZXNrdG9wOlFVQUxJRllleGFtOlRlbXBfYmlvOjIuIEZVLnBkZgAOABQACQAyAC4AIABGAFUALgBwAGQAZgAPABoADABNAGEAYwBpAG4AdABvAHMAaAAgAEgARAASADxVc2Vycy9kYW5pZWxidW9uYWl1dG8vRGVza3RvcC9RVUFMSUZZZXhhbS9UZW1wX2Jpby8yLiBGVS5wZGYAEwABLwAAFQACABb//wAAgAbSGxwdHlokY2xhc3NuYW1lWCRjbGFzc2VzXU5TTXV0YWJsZURhdGGjHR8gVk5TRGF0YVhOU09iamVjdNIbHCIjXE5TRGljdGlvbmFyeaIiIF8QD05TS2V5ZWRBcmNoaXZlctEmJ1Ryb290gAEACAARABoAIwAtADIANwBAAEYATQBVAGAAZwBqAGwAbgBxAHMAdQB3AIQAjgCYAJ0ApQITAhUCGgIlAi4CPAJAAkcCUAJVAmICZQJ3AnoCfwAAAAAAAAIBAAAAAAAAACgAAAAAAAAAAAAAAAAAAAKB}}

@article{Forrest_2010,
	Author = {Forrest, J. and Miller-Rushing, A. J.},
	Date-Added = {2018-07-25 12:05:08 +0000},
	Date-Modified = {2018-07-25 12:05:08 +0000},
	Doi = {10.1098/rstb.2010.0145},
	Issn = {1471-2970},
	Journal = {Philosophical Transactions of the Royal Society B: Biological Sciences},
	Month = {Sep},
	Number = {1555},
	Pages = {3101--3112},
	Publisher = {The Royal Society},
	Title = {Toward a synthetic understanding of the role of phenology in ecology and evolution},
	Url = {http://dx.doi.org/10.1098/rstb.2010.0145},
	Volume = {365},
	Year = {2010},
	Bdsk-File-1 = {YnBsaXN0MDDUAQIDBAUGJCVYJHZlcnNpb25YJG9iamVjdHNZJGFyY2hpdmVyVCR0b3ASAAGGoKgHCBMUFRYaIVUkbnVsbNMJCgsMDxJXTlMua2V5c1pOUy5vYmplY3RzViRjbGFzc6INDoACgAOiEBGABIAFgAdccmVsYXRpdmVQYXRoWWFsaWFzRGF0YV8QHjEuICBGb3JyZXN0LU1pbGxlci1SdXNoaW5nLnBkZtIXCxgZV05TLmRhdGFPEQHAAAAAAAHAAAIAAAxNYWNpbnRvc2ggSEQAAAAAAAAAAAAAAAAAAAAAAAAAQkQAAf////8eMS4gIEZvcnJlc3QtTWlsbGVyLVJ1c2hpbmcucGRmAAAAAAAAAAAAAAAAAAAAAAAAAAAAAAAAAAAAAAAAAAAA/////wAAAAAAAAAAAAAAAAABAAIAAAogY3UAAAAAAAAAAAAAAAAACFRlbXBfYmlvAAIAUy86VXNlcnM6ZGFuaWVsYnVvbmFpdXRvOkRlc2t0b3A6UVVBTElGWWV4YW06VGVtcF9iaW86MS4gIEZvcnJlc3QtTWlsbGVyLVJ1c2hpbmcucGRmAAAOAD4AHgAxAC4AIAAgAEYAbwByAHIAZQBzAHQALQBNAGkAbABsAGUAcgAtAFIAdQBzAGgAaQBuAGcALgBwAGQAZgAPABoADABNAGEAYwBpAG4AdABvAHMAaAAgAEgARAASAFFVc2Vycy9kYW5pZWxidW9uYWl1dG8vRGVza3RvcC9RVUFMSUZZZXhhbS9UZW1wX2Jpby8xLiAgRm9ycmVzdC1NaWxsZXItUnVzaGluZy5wZGYAABMAAS8AABUAAgAW//8AAIAG0hscHR5aJGNsYXNzbmFtZVgkY2xhc3Nlc11OU011dGFibGVEYXRhox0fIFZOU0RhdGFYTlNPYmplY3TSGxwiI1xOU0RpY3Rpb25hcnmiIiBfEA9OU0tleWVkQXJjaGl2ZXLRJidUcm9vdIABAAgAEQAaACMALQAyADcAQABGAE0AVQBgAGcAagBsAG4AcQBzAHUAdwCEAI4ArwC0ALwCgAKCAocCkgKbAqkCrQK0Ar0CwgLPAtIC5ALnAuwAAAAAAAACAQAAAAAAAAAoAAAAAAAAAAAAAAAAAAAC7g==}}
